4017 6342
131 309 199 366 tttl
597 313 885 374 comestiones
903 311 955 372 SS.
974 313 1131 374 carm.
1152 346 1188 358 —-
1202 313 1271 372 ΠΙ.
1290 311 1323 372 Ε.
1706 322 1777 380 ild!

129 426 268 484 domare
280 425 471 501 incipientium
487 431 518 490 ia
528 429 595 502 indo,
605 431 738 503 noxiam
751 431 854 488 multos
865 445 930 488 eoo·
942 436 967 494 Α
980 440 1093 502 peccata
1114 446 1165 494 sara
1184 430 1344 502 neglexerit,
1373 431 1452 502 quasi
1479 430 1659 492 institutionis
1679 433 1778 492 divine

130 520 256 593 spiciunt
267 539 380 581 aversos
391 534 419 580 et
428 524 535 581 alienos
547 541 563 580 a
575 525 675 594 bde,ct
684 535 776 582 tamen
786 524 860 582 tincti
870 525 928 596 pie·
980 531 1160 596 contemptor,
1177 523 1303 597 quamvis
1316 540 1371 582 non
1384 540 1434 595 pro
1452 527 1582 598 peccatis,
1596 527 1724 600 quaejam
1737 526 1778 584 di·

131 625 190 671 tate
203 615 267 672 ddei
280 633 297 672 e
310 616 420 674 duobus
434 615 527 674 dubiis
544 619 598 674 boc
615 617 720 689 eligunt
736 619 810 690 qood
825 618 929 675 doctri·
979 619 1065 676 missa
1089 629 1164 684 sunt,
1186 636 1251 676 reus
1280 628 1415 688 teneatur,
1442 627 1532 676 tamen
1548 636 1597 692 pro
1617 631 1775 694 contemptu

134 727 173 768 na
185 710 328 768 Catbolica
339 711 454 766 docente
468 710 634 768 didicerunt.
649 712 714 769 istis
733 729 786 784 pax
801 728 929 770 necessa·
979 725 1045 768 rens
1066 714 1129 768 crit.
1149 711 1197 768 Vel
1215 711 1351 778 fortassis,
1370 711 1435 782 quia
1458 722 1571 782 peccata
1589 713 1647 784 ipsa
1660 715 1717 784 jam
1742 715 1778 772 ad

133 803 179 858 ria
190 811 243 868 est,
255 802 396 859 tribulatio
408 802 572 871 periculosa,
587 819 622 858 ne
633 803 704 860 sorte
716 804 750 860 de
767 805 927 875 periclitari·
979 813 1168 860 contumacem
1184 806 1307 870 redeunt,
1319 820 1381 875 quae
1390 805 1466 875 prius
1477 819 1526 876 per
1536 805 1776 876 compunctionem

133 897 211 953 tibus
228 904 360 968 negantes
373 895 538 952 efficiantur.
567 896 616 953 list
641 897 715 952 aliud
736 912 823 968 genus
837 898 928 952 adbuc
979 896 1122 952 humiliato
1137 895 1249 954 dimissa
1265 894 1384 952 luerunt.

133 988 302 1055 bominum,
321 990 367 1060 qrri
381 989 450 1045 certi
463 999 527 1046 sunt
541 997 569 1045 et
584 989 739 1045 confirmati
751 989 778 1044 in
795 989 848 1046 lide
859 1006 926 1047 sua:
1015 989 1072 1046 llae
1094 1005 1160 1061 ergo
1186 991 1293 1046 ratione
1319 991 1436 1062 probant
1460 990 1585 1046 homines
1602 991 1677 1046 nullo
1692 989 1775 1046 modo

132 1096 207 1151 quos
230 1080 303 1138 Deus
321 1083 365 1138 rel
387 1097 436 1152 per
463 1082 601 1138 exteriora
630 1082 763 1137 miracula
781 1083 929 1140 conflrma—
979 1091 1140 1154 potestatem
1156 1083 1257 1138 babere
1271 1083 1424 1138 dimittendi
1439 1093 1562 1154 peecata,
1579 1085 1626 1140 sed
1642 1084 1713 1139 bane
1727 1100 1774 1140 so-

131 1175 195 1242 vit,
225 1174 266 1228 rel
300 1189 349 1244 per
381 1175 540 1230 interiorem
568 1174 776 1244 inspirationem
806 1177 925 1233 edocuit.
977 1175 1033 1230 lius
1054 1172 1101 1230 Dei
1125 1189 1196 1240 csse,
1215 1175 1286 1229 sicut
1307 1183 1334 1230 et
1356 1176 1382 1229 in
1401 1175 1547 1247 Evangelio
1568 1173 1654 1231 Juuaei
1677 1184 1774 1232 contra

132 1267 184 1324 isti
202 1267 381 1324 tribulatione
407 1283 463 1324 non
488 1268 697 1335 subvertuntur,
720 1269 768 1324 scd
797 1285 929 1326 exerceri·
978 1265 1126 1320 Dominum
1153 1278 1376 1332 murmurantes,
1404 1267 1468 1336 quia
1492 1267 1562 1322 dixit
1588 1268 1737 1338 paralytice
1765 1285 1772 1322 :

132 1371 189 1417 tur.
981 1355 1126 1412 «Dimissa
1146 1365 1211 1412 sunt
1224 1365 1335 1427 peccata
1348 1367 1412 1422 tua,
1433 1377 1441 1410 ι
1458 1358 1567 1412 aierunt
1582 1358 1669 1413 solum
1686 1357 1773 1412 [lcum

170 1454 317 1512 Sciendum
332 1456 415 1513 etiarn
427 1458 501 1527 quod
514 1457 586 1512 sicut
604 1465 660 1512 tres
681 1465 746 1512 sunt
763 1458 863 1529 gratim
880 1472 929 1527 per
979 1463 1059 1518 posse
1081 1457 1191 1517 peccata
1215 1447 1352 1502 dimittere
1374 1447 1483 1516 piloni.
1501 1452 1550 1519 rx).
1570 1447 1624 1502 Sed
1648 1447 1775 1504 fortassis

132 1546 279 1620 quosfides
290 1551 401 1616 crescii,
418 1551 455 1604 ιιι
473 1559 528 1606 rm
538 1549 641 1620 gradus
651 1558 716 1605 sunt
726 1566 773 1620 per
787 1565 857 1620 il¹¹⁰⁵
868 1564 928 1604 ιη.
978 1538 1025 1608 qui
1040 1538 1092 1594 lroc
1104 1539 1137 1594 de
1150 1539 1320 1595 absolutione
1331 1548 1504 1610 pcccatorum
1519 1540 1623 1606 dicunt,
1635 1541 1775 1610 quornodo

132 1639 185 1694 scit
197 1641 317 1710 cognitio
326 1640 399 1695 lidei.
410 1639 627 1712 Primusgradus
637 1641 927 1712 estcognitionisbdei,
979 1631 1124 1700 quisquam
1138 1640 1249 1702 peccato
1262 1631 1361 1704 ligetur
1376 1648 1431 1687 non
1445 1631 1511 1688 satis
1527 1632 1670 1703 diligenter
1683 1641 1773 1687 atten-

132 1747 190 1800 quo
204 1731 275 1787 ιιιιιῑι
290 1732 383 1788 „pirrus
405 1748 526 1804 unquam
549 1733 618 1789 fides
634 1734 734 1789 palm
752 1737 852 1804 pomp,
868 1751 928 1791 θη.
979 1723 1058 1778 (ιιιιιι.
1077 1722 1190 1780 orobos
1204 1725 1277 1780 enirn
1296 1723 1385 1779 modis
1403 1731 1530 1794 peccator
1543 1723 1642 1795 ligatus
1660 1731 1710 1780 est.
1728 1721 1775 1778 Li·

131 1823 200 1878 dere
211 1823 338 1880 videlicet
355 1823 440 1880 Deum
458 1839 531 1891 esse,
544 1833 572 1882 et
583 1841 646 1880 eum
666 1826 828 1882 salvatorem
843 1835 870 1882 eg
884 1841 927 1880 re.
941 1785 964 1840 B
978 1823 1058 1888 gilius
1074 1823 1116 1870 esi
1133 1815 1313 1870 obduratione
1328 1814 1439 1878 mentis,
1455 1815 1554 1884 ligatus
1568 1824 1609 1870 esi
1624 1815 1715 1870 debito
1731 1813 1774 1871 sil·

130 1923 341 1970 muneralopem
354 1924 521 1985 exspectare,
534 1913 598 1972 Hanc
612 1916 731 1986 cognigio
745 1916 807 1972 fidei
819 1917 926 1986 simpli.
978 1914 1046 1962 iltrae
1069 1905 1254 1962 damnationis
1281 1925 1287 1961 :
1319 1907 1440 1978 quandiu
1468 1921 1587 1976 libratque
1612 1906 1699 1978 giblin
1725 1903 1774 1962 Dei

130 2005 215 2062 cibus
229 2016 294 2060 ante
307 2006 522 2062 incarnationem
536 2005 644 2060 Domini
658 2007 693 2062 ad
707 2007 823 2062 salntem
852 2007 927 2064 sudl-
977 1997 1350 2063 ⁰ffl¹h⁰¹¹¹lss008b80¹¹¹ll¹⁵
1370 1996 1609 2063 θὸῑῑιθῐῐῑθιθῑθᾰ
1626 1997 1775 2066 Metilii·

130 2111 197 2152 cere
226 2097 325 2167 potuit,
346 2107 375 2154 ut
394 2108 422 2154 et
439 2096 523 2154 Deum
548 2099 690 2155 crederent
711 2105 740 2152 et
757 2096 926 2155 Salvatorem
976 2088 1270 2160 randum-expeditus.
1295 2086 1348 2142 5⁰¹¹
1370 2103 1432 2142 ΡΜ]
1455 2103 1503 2158 per
1520 2096 1668 2166 peccalum
1684 2085 1775 2158 &²²3²

129 2195 333 2256 exspectarent,
351 2189 478 2259 quamvis
491 2189 615 2260 ejusdem
627 2190 787 2246 salvationis
797 2206 856 2246 5„ae
868 2207 927 2246 mo.
976 2178 1024 2232 liei
1041 2178 1226 2246 subtrahitur,
1242 2177 1334 2236 statim
1359 2177 1418 2246 ipsa
1433 2193 1482 2233 sna
1496 2176 1678 2232 obduratione
1696 2189 1774 2231 inens

131 2279 198 2335 dum
209 2287 237 2334 et
248 2288 357 2350 tempus
371 2296 425 2337 non
442 2292 648 2353 cognoscerent.
668 2281 729 2338 Duo
740 2283 813 2340 enim
835 2284 862 2338 in
874 2284 926 2339 tro-
977 2273 1143 2330 intrinsecus
1155 2273 1301 2344 obligatur.
1321 2271 1375 2327 ista
1388 2270 1533 2326 obduratio
1550 2270 1607 2326 sive
1627 2268 1775 2324 excaecatio

131 2373 208 2430 mine
221 2382 326 2430 rantum
345 2383 411 2430 supr
425 2417 432 2430 ,
448 2385 547 2432 aarum
563 2377 692 2447 ercuppa,
713 2375 745 2432 Ει
765 2375 879 2433 creator
891 2379 926 2434 ιι
977 2366 1076 2422 mentis
1103 2365 1248 2422 interiores
1276 2364 1394 2419 tenebrae
1418 2371 1492 2429 sunt,
1518 2362 1545 2416 in
1565 2363 1666 2433 quibus
1689 2360 1773 2417 horno

130 2475 260 2522 naturam
278 2465 408 2534 retertur,
432 2465 558 2524 Salvator
581 2468 617 2524 ad
640 2469 760 2540 culpam.
784 2467 843 2524 Sub
869 2470 927 2541 lege
976 2472 1027 2528 pro
1051 2466 1161 2528 9000210
1187 2471 1238 2512 ⁵¹¹⁰
1256 2456 1283 2511 ¹¹¹
1307 2455 1435 2527 pimenii
1454 2455 1594 2526 ⁰b¹iS³²¹¹⁵
1612 2462 1730 2519 tenilus·
1745 2461 1773 2508 0‘

131 2565 225 2613 autem
236 2558 337 2628 scripta
348 2560 434 2616 crevit
445 2560 565 2631 cognitio
576 2561 753 2632 quandoJ'am
767 2563 926 2632 depersnna
976 2551 1029 2606 nisi
1053 2550 1087 2604 ab
1102 2551 1145 2606 itis
1168 2550 1195 2604 in
1213 2550 1264 2606 irae
1280 2549 1333 2604 vita
1360 2550 1467 2604 solutus
1490 2546 1581 2611 luerit,
1597 2546 1773 2617 postmodum

130 2644 324 2720 Redemptor-is
344 2649 488 2707 manifesre
511 2653 555 2723 agi
576 2655 669 2724 ςωρρ,
684 2664 712 2710 21
727 2653 852 2710 salvato,-
878 2671 927 2726 per
976 2642 1068 2713 ligatis
1084 2641 1210 2697 titanibus
1228 2649 1254 2694 ct
1279 2640 1394 2710 pedibus
1420 2641 1447 2694 in
1469 2639 1620 2694 exteriores
1644 2636 1773 2692 tenebras

131 2739 221 2813 legem
236 2743 371 2812 promitti,
393 2752 422 2800 et
445 2752 508 2815 post
521 2746 734 2814 promissionem
762 2748 925 2818 exspectari.
976 2734 1131 2804 li1‘0l'isslffli·
1151 2732 1203 2790 5⁰1¹
1223 2734 1286 2806 quia
1303 2749 1383 2788 ”⁰¹⁰⁰
1404 2749 1453 2787 ⁵¹¹³
1468 2732 1568 2786 virtute
1586 2739 1647 2802 9⁰⁵¹
1663 2731 1773 2786 ruinam

131 2833 191 2892 Sub
205 2837 293 2908 gratia
307 2847 399 2892 autem
417 2838 639 2908 adbucanrplius
653 2841 774 2896 excrevit
795 2842 925 2911 cognitio,
977 2823 1081 2896 9⁰⁰caii
1112 2839 1224 2894 widem
1250 2823 1362 2890 rator-er,
1387 2823 1440 2878 nisi
1465 2821 1556 2878 dil'issil
1584 2818 1774 2876 miselifflfdh

131 2944 197 2986 cum
205 2929 263 2999 iarn
277 2931 335 3002 ipse
357 2930 492 2999 Salvator,
511 2949 567 2988 non
588 2941 618 2988 ut
637 2935 715 3005 prius
730 2950 746 2990 a
759 2935 853 2990 multis
874 2951 926 3005 ριι.
976 2916 1096 2986 gratuito
1107 2915 1276 2987 praeveniens
1288 2929 1350 2969 cunr
1363 2914 1517 2978 suscitaret,
1532 2912 1593 2967 ideo
1607 2925 1718 2966 neccsse
1730 2918 1773 2966 est

131 3023 345 3080 „bannorum
368 3025 746 3091 gomoffleffleumms
767 3026 927 3083 manifesta,
977 3003 1103 3060 uilicus
1130 3005 1246 3076 gratiam
1272 3018 1350 3059 suam
1374 3017 1455 3074 quam
1487 3001 1663 3072 peccantibus
1693 2999 1774 3054 nobs

131 3126 241 3185 tuaest,
256 3128 284 3173 et
298 3118 357 3188 ipse
375 3119 571 3190 redemptionis
589 3120 687 3175 modus
701 3135 755 3174 non
769 3120 796 3174 in
812 3128 926 3176 terrenae
939 3150 961 3208 C
974 3100 1049 3172 iuste
1075 3099 1259 3164 subtraxerat,
1284 3097 1394 3168 quaudo
1420 3097 1454 3152 ad
1479 3095 1666 3166 poenitentiam
1689 3091 1774 3148 vivill-

130 3209 254 3266 coitninc
266 3211 417 3281 potestatis,
433 3209 481 3267 sed
500 3211 529 3266 in
553 3219 641 3266 rnorte
661 3210 791 3282 probatus
804 3219 846 3268 est
860 3225 926 3268 000.
977 3192 1057 3248 cantli
1073 3205 1180 3256 sumus,
1195 3189 1252 3244 sola
1268 3188 1457 3244 misericordia
1473 3187 1554 3243 nullis
1570 3185 1672 3242 nostris
1688 3184 1774 3240 meri-

130 3311 206 3357 m
219 3302 379 3358 gap-apori&
976 3284 1014 3340 tis
1031 3283 1247 3356 precedentibus
1272 3282 1368 3339 reddat
1393 3291 1528 3352 qrratenus
1543 3281 1602 3352 ipsa
1617 3281 1704 3350 gratia
1720 3279 1770 3335 ad·

130 3396 172 3452 p,
191 3398 344 3454 „mim
363 3409 547 3469 peccatoram,
564 3409 589 3455 ,ρ
605 3403 630 3454 ,5
651 3402 799 3458 ,amm
815 3412 925 3474 mm
975 3377 1090 3433 veniens
1104 3392 1152 3432 cor
1164 3385 1288 3432 nostrum
1303 3390 1318 3428 a
1335 3383 1446 3445 torpore
1461 3372 1628 3429 inlidelitatis
1642 3381 1695 3428 cta
1708 3387 1774 3443 pec·

401 3471 532 3526 dinrittere
545 3472 657 3540 possint.
976 3475 1030 3530 cati
1045 3481 1132 3530 morto
1152 3472 1311 3535 exsuscitet,
1327 3481 1357 3525 ut
1381 3470 1485 3525 scilicet
1498 3469 1545 3540 ιριί
1569 3468 1687 3540 primum
1712 3467 1774 3537 ipsa

167 3559 334 3618 Potestatem
358 3563 512 3620 remittendi
534 3576 645 3634 peccata
666 3567 778 3638 quitiam
800 3570 852 3625 soli
870 3568 925 3624 llco
975 3570 1034 3628 sola
1047 3577 1176 3640 operante
1191 3567 1223 3622 ad
1239 3565 1429 3638 pmnitentiam
1446 3561 1613 3634 compuncti,
1625 3577 1640 3616 a
1654 3559 1776 3618 vin-ulis

131 3651 172 3708 ita
185 3653 323 3710 ascribere
335 3657 515 3723 conabantur,
535 3665 566 3711 ut
586 3658 613 3711 in
631 3673 664 3712 ea
682 3658 820 3714 lrorninem
842 3659 926 3728 parti-
975 3661 1094 3731 torporis
1108 3657 1288 3723 absolvimur,
1304 3658 1397 3722 etiam,
1411 3656 1469 3726 ipsa
1484 3654 1581 3710 deinde
1599 3659 1773 3724 cooperante.

131 3747 221 3817 cipcm
237 3746 294 3803 deri
306 3763 388 3820 posse
406 3750 573 3806 nullomodo
587 3751 749 3807 concedant.
764 3750 797 3806 Et
809 3753 843 3807 ad
859 3767 926 3807 con·
975 3752 1140 3823 paenitentes
1157 3750 1277 3804 adebitu
1288 3746 1473 3804 damnationis
1484 3743 1587 3801 absolvi
1607 3757 1757 3798 mereamur

131 3837 316 3895 firmationem
332 3841 415 3912 liujus
435 3843 598 3898 assertionis
612 3843 751 3898 adducunt
771 3843 926 3898 mundatio-
976 3843 1034 3900 lloc
1052 3844 1120 3898 bcne
1141 3844 1167 3896 in
1184 3841 1393 3897 resuscitatione
1411 3837 1508 3892 Lazari
1522 3835 1704 3910 significatum
1719 3843 1772 3904 esi,

131 3944 197 3986 nem
211 3931 286 3987 illius
300 3933 411 4004 leprosi,
424 3950 505 4004 quem
518 3933 651 3989 llorninus
666 3935 743 4005 prius
764 3949 812 4004 per
826 3943 926 3989 semet·
975 3953 1057 4010 quem
1074 3938 1131 4008 ipse
1149 3937 1282 3991 Dominus
1298 3951 1346 4005 per
1360 3949 1390 3990 se
1405 3935 1480 4004 prius
1502 3933 1669 3988 intrinsecus
1683 3947 1698 3986 a
1713 3930 1775 3984 vin·

131 4021 224 4096 ipsum
245 4025 355 4080 sanitati
374 4025 503 4092 restituit,
519 4041 552 4082 ac
565 4026 588 4082 si
599 4026 697 4082 deinde
714 4026 747 4081 ad
772 4027 927 4082 sacerdotes
976 4031 1039 4086 culo
1054 4030 1150 4086 mortis
1169 4029 1297 4092 absolvit,
1311 4026 1429 4082 viviticat
1448 4032 1539 4079 autem
1555 4023 1588 4077 de
1603 4021 1671 4076 loris
1691 4020 1774 4075 mirri·

132 4117 221 4185 misit,
235 4134 290 4172 non
306 4127 336 4173 ut
350 4119 410 4188 ejus
424 4119 564 4176 mundatio
576 4120 675 4174 virtute
687 4119 795 4174 illorum
810 4119 926 4190 perlice-
976 4121 1060 4176 sterio
1089 4120 1209 4190 ipsorum
1238 4117 1423 4187 apostolorum
1452 4127 1516 4169 curu
1547 4111 1617 4167 solvi
1647 4109 1776 4180 praecepit

132 4210 281 4277 rctur,scd
295 4210 927 4267 uttantummodotcstimonioillorumconbr·
977 4211 1068 4284 (deun.
1094 4211 1145 4282 xl).
1170 4209 1216 4266 Sic
1240 4223 1359 4279 namque
1384 4205 1411 4260 in
1434 4212 1526 4261 saneta
1554 4201 1677 4260 Ecclesia
1701 4217 1776 4257 nune

132 4313 256 4360 maretur
271 4302 348 4363 (Luc.
370 4305 410 4358 vl.
423 4302 510 4358 Simili
524 4304 606 4359 modo
620 4304 647 4359 in
662 4303 789 4375 praesenti
804 4302 927 4358 Ecclesia
976 4311 1100 4359 mortuos
1115 4300 1234 4372 peccatis
1247 4313 1295 4370 per
1315 4299 1402 4352 solam
1426 4293 1542 4366 gratiam
1565 4307 1643 4348 suam
1659 4289 1775 4347 interius

131 4397 200 4454 dant
219 4397 370 4452 ministeria
389 4398 560 4453 sacerdotnm
586 4397 657 4451 nibil
677 4397 796 4466 amplius
817 4395 926 4451 virtutis
976 4396 1119 4452 vivillcans
1131 4393 1164 4450 ad
1182 4391 1421 4462 compunctionem
1437 4386 1571 4453 accendit,
1587 4392 1669 4454 atque
1683 4383 1773 4437 vivid-

132 4492 236 4548 babere
256 4491 308 4546 nisi
328 4491 452 4561 quaedam
469 4489 659 4546 tantummodo
672 4490 750 4562 signa
764 4505 825 4545 esse
838 4498 870 4544 ut
881 4489 926 4543 ille
941 4503 964 4558 p
977 4499 1054 4546 catos
1068 4504 1116 4562 per
1130 4486 1331 4546 contessionem
1348 4483 1423 4538 lonas
1436 4481 1529 4536 venire
1543 4477 1675 4550 precipit,
1690 4492 1722 4531 ae
1734 4475 1775 4532 sic

131 4585 326 4655 videlicet,qui
341 4585 417 4653 prius
436 4599 485 4652 per
504 4581 695 4636 contuitionem
713 4580 804 4636 cordis
828 4580 928 4634 intusa
978 4583 1076 4640 deinde
1099 4581 1259 4638 confitentes
1281 4593 1330 4650 per
1354 4573 1535 4632 ministerium
1551 4570 1724 4628 sacerdotum
1739 4567 1773 4623 ab

131 4677 253 4732 llornino
276 4676 436 4742 absolvitur,
463 4674 636 4747 postmodum
656 4674 685 4728 iu
708 4672 881 4728 consessione
894 4673 928 4729 ab
978 4673 1109 4731 exteriori
1125 4671 1244 4738 vinculo,
1260 4671 1312 4725 lroc
1327 4675 1369 4726 est
1386 4684 1400 4723 a
1416 4666 1508 4723 debito
1524 4661 1707 4720 damnationis
1723 4661 1773 4715 ab*

131 4769 174 4824 eis
196 4769 341 4824 absolutus
357 4783 419 4824 csse
436 4767 605 4823 ostendatur.
626 4765 704 4832 Quod
722 4776 812 4820 autem
827 4765 854 4818 in
870 4764 928 4820 sola
979 4768 1059 4824 solri.
1085 4765 1159 4822 Beue
1181 4773 1272 4819 autem
1296 4761 1418 4816 debitum
1440 4754 1624 4812 damnationis
1654 4751 1775 4807 exterius

131 4861 226 4916 cordis
239 4861 404 4916 contritione
414 4860 496 4914 ctiam
510 4868 573 4914 avrte
583 4858 783 4915 consessionem
798 4859 854 4913 oris
864 4873 929 4928 prc-
979 4861 1120 4918 rinculum
1146 4859 1256 4922 dicitur,
1277 4855 1340 4926 quia
1359 4852 1486 4923 protinus
1509 4850 1542 4904 ad
1559 4845 1685 4902 tenebras
1700 4849 1776 4898 exto·

132 4961 195 5007 cala
212 4952 394 5018 dimittantur,
409 4951 568 5024 prophetico
590 4951 636 5005 illo
660 4952 816 5006 testirrronio
831 4966 930 5021 appro·
979 4956 1066 5011 riores
1076 4951 1269 5022 quaseradere
1280 4949 1407 5018 dignatus
1421 4941 1476 4998 non
1490 4951 1543 5010 est,
1559 4939 1685 5012 quisquis
1699 4936 1776 5008 prius

133 5042 201 5098 bare
217 5043 313 5099 volunt
327 5043 401 5114 qrrod
415 5042 536 5097 dieitur:
553 5038 745 5110 «Quocunque
764 5041 832 5095 bora
850 5041 929 5110 inge·
968 5046 1009 5119 ‚in
1024 5043 1077 5100 bac
1090 5043 1145 5098 vita
1163 5058 1180 5096 a
1201 5039 1321 5096 tenebris
1340 5035 1518 5093 interioribus
1535 5033 1603 5090 solvi
1618 5047 1673 5087 non
1687 5041 1776 5084 merc·

132 5136 236 5192 muer-ir
260 5144 397 5206 peccator,
420 5137 512 5191 salvus
532 5135 584 5189 erit
611 5134 721 5202 (Euris.
751 5137 873 5203 xvrrr);r
903 5142 930 5190 et
981 5145 1035 5193 tur.

132 5231 200 5286 alibi
231 5249 238 5286 :
267 5229 360 5297 ‹Quia
389 5229 480 5285 adlrue
510 5238 536 5284 te
558 5229 701 5298 loquente,
724 5229 839 5285 dicam.
860 5227 930 5283 Ecce
1017 5226 1070 5285 Sed
1093 5225 1173 5293 male,
1194 5221 1330 5294 inquiunt,
1346 5221 1380 5277 de
1401 5217 1542 5274 sacerdote
1557 5214 1665 5272 Domini
1686 5209 1776 5266 iacitis

132 5325 233 5384 adsum
255 5323 324 5397 (isa.
352 5323 450 5398 cxvi.»
471 5321 505 5376 Et
524 5320 688 5377 Psalmista:
708 5342 717 5375 ι
736 5320 808 5386 biri,
830 5321 929 5391 inquit,
980 5321 1028 5392 qui
1043 5321 1068 5376 ei
1088 5311 1248 5390 potestatem
1265 5311 1417 5371 dimittendi
1434 5319 1554 5382 peccata,
1572 5321 1633 5375 quar
1652 5303 1708 5359 Deo
1723 5303 1775 5358 soli

131 5418 440 5478 eotrfiteboradversum
458 5432 503 5472 me
520 5414 682 5486 injustitiam
701 5429 790 5469 arram
804 5413 929 5478 donnino,
981 5412 1111 5482 competit
1136 5409 1232 5482 (llere.
1255 5407 1299 5475 rt),
1322 5403 1451 5460 tribuitis.
1470 5400 1529 5456 Non
1552 5413 1603 5470 ego
1620 5395 1777 5451 sacerdotes

130 5521 162 5572 ct
173 5520 202 5569 tu
215 5513 345 5568 remisisti
357 5511 523 5582 impietatem
534 5510 639 5580 peccati
650 5509 703 5565 mei
712 5507 800 5580 (Psoi.
817 5507 905 5576 xxxi).
918 5526 927 5558 r
981 5505 1048 5561 deos
1066 5502 1147 5558 facio.
1170 5501 1267 5556 Sermo
1280 5499 1398 5562 divinos,
1414 5495 1461 5566 qui
1484 5491 1592 5548 mentiri
1607 5501 1660 5542 non
1675 5493 1776 5557 potest,

131 5605 242 5664 idcirco
267 5614 358 5660 tamen
380 5611 443 5674 post
467 5603 660 5659 contritionem
677 5600 779 5665 cordis,
794 5597 932 5654 confessio
982 5595 1138 5656 sacerdotes
1156 5595 1223 5650 deos
1236 5593 1302 5649 dicit
1318 5609 1325 5646 ι
1341 5609 1351 5644 ι
1373 5588 1439 5654 biis,
1455 5585 1554 5658 inquit.
1568 5597 1622 5636 non
1636 5577 1776 5645 detrahes,

130 5713 246 5775 quoque
259 5697 317 5756 oris
338 5703 383 5754 cst
400 5696 565 5763 neccssaria,
582 5695 648 5767 quia
663 5692 688 5750 si
702 5693 766 5765 quis
774 5691 856 5748 etiam
869 5699 933 5761 post
964 5699 1009 5747 ,οι
1022 5686 1138 5761 principi
1152 5685 1246 5760 populi
1263 5684 1302 5742 tui
1321 5699 1375 5739 non
1393 5677 1537 5736 maledices
1552 5670 1651 5746 (Eroti.
1667 5667 1746 5739 ran).
1762 5686 1773 5722 ι

133 5785 311 5868 ἑιιιριιηιιιιι
342 5791 451 5848 rerrian
480 5797 654 5862 peecatorum
683 5787 807 5848 confiteri
836 5784 931 5843 eadem
983 5781 1030 5841 lsti
1053 5797 1129 5862 vero
1142 5789 1235 5839 contra
1260 5779 1327 5851 legis
1348 5781 1517 5849 praeceptum
1537 5769 1590 5827 diis
1611 5763 1775 5834 detrabunt,
