4017 6342
138 384 190 439 tin
874 376 1019 437 blatoct.
1726 380 1780 438 dm

142 501 275 571 qnietnnit
288 518 411 573 namque
426 511 453 557 et
466 500 545 569 lupus
564 498 688 566 badum,
702 507 730 555 et
751 497 794 553 leo
817 512 933 568 agnum,
949 503 1032 559 Arna
1043 498 1292 555 nonmiunetar:si
1311 498 1381 562 boc,
1408 496 1537 566 inquam,
1557 496 1595 549 ita
1619 496 1780 567 sinrplicitor

143 606 167 650 et
185 593 288 663 pardus
302 608 385 650 orem
398 609 430 650 ac
445 593 570 647 vitulum.
988 587 1205 659 intelligeretur,
1229 588 1336 645 scilicet
1356 598 1387 643 ut
1409 586 1476 642 solis
1499 587 1627 657 splendor
1643 589 1685 643 vel
1707 588 1779 645 luam

177 683 300 740 llorsrs.
316 683 459 751 Quomodo
474 698 539 755 crgo
553 680 785 751 illamintelllgisl
987 678 1057 733 loret
1071 681 1234 746 continuus,
1249 694 1303 735 non
1314 686 1389 733 esset
1400 676 1456 746 iam
1471 676 1529 732 dies
1539 674 1583 731 rel
1594 692 1663 741 nor,
1674 678 1779 739 ruerrsis
1850 674 1855 688 '

178 773 299 829 Per-nus.
320 774 377 831 Nos
389 788 454 829 sane
466 789 514 844 per
526 774 625 829 bestias
637 772 697 827 illas
716 786 776 842 quae
798 772 891 842 rapina
907 780 935 827 et
986 768 1029 824 uel
1044 784 1148 836 anum,
1164 784 1225 841 qnae
1240 771 1332 825 omnia
1346 783 1381 823 cx
1398 769 1506 823 solisne
1526 766 1598 822 lunae
1617 768 1778 837 proueniuol

145 878 225 919 cirne
240 864 353 931 vivunt,
369 864 465 934 impios
489 864 611 919 lrornines
628 862 817 931 intelligimus,
841 872 870 917 et
889 878 935 917 ra·
985 861 1232 918 vicissitudinibus.
1249 861 1320 932 Ergo
1334 875 1388 916 non
1406 861 1542 915 immerito
1555 861 1589 917 de
1607 862 1667 916 lnce
1681 870 1708 916 et
1720 862 1780 933 plo·
1819 893 1826 900 ..

146 967 252 1024 pmresr
271 970 322 1025 per
347 955 464 1024 reliquas
487 968 552 1009 uero
575 954 709 1024 pecudes,
732 961 888 1009 mansuetos
904 968 935 1023 ae
986 952 1027 1009 ria
1039 953 1100 1009 iudei
1119 962 1221 1009 nostra
1233 968 1294 1024 quae
1310 966 1399 1022 neque
1420 952 1558 1007 minuetur
1572 968 1625 1009 nec
1650 954 1776 1020 occidet,

147 1046 303 1117 simplices,
322 1047 398 1103 etde
414 1046 467 1102 illis
481 1046 550 1101 dixit
560 1047 690 1116 propbeta
715 1045 786 1115 quod
811 1044 935 1100 Christus
986 1043 1164 1113 spiritualiter
1179 1046 1282 1099 dicium
1294 1044 1482 1115 intelligimus.

147 1150 193 1193 ests
210 1135 292 1191 simul
315 1135 492 1191 habitarero
515 1150 609 1205 pacem
638 1134 738 1191 babere
764 1136 933 1206 praeciperet.
1021 1132 1138 1191 llorsns.
1154 1135 1223 1202 Quid
1238 1144 1281 1190 cst
1297 1134 1380 1191 etiam
1391 1134 1463 1204 qnod
1474 1133 1564 1190 adbuc
1585 1134 1651 1190 dicit
1672 1133 1777 1200 isaias:

147 1227 222 1295 Quod
232 1235 323 1281 autem
337 1226 389 1282 hoo
404 1228 437 1284 de
452 1226 608 1282 bominibus
628 1226 741 1295 intelligi
753 1226 889 1292 noluerit,
905 1226 933 1281 in
987 1224 1061 1281 Turre
1073 1227 1173 1281 oidciis
1190 1237 1216 1281 et
1231 1226 1332 1297 aplues,
1345 1238 1369 1283 et
1380 1226 1553 1279 miraliluret
1568 1226 1724 1281 dilatabitur
1734 1243 1779 1281 cor

147 1316 322 1387 sequentibus
336 1317 456 1371 insinuat
469 1318 613 1388 propbeta,
627 1332 689 1372 curn
710 1317 858 1389 subjungit,
872 1320 935 1388 puio
986 1329 1072 1387 trram,
1088 1320 1195 1389 quando
1207 1335 1331 1373 conuersa
1347 1318 1427 1387 laeda
1442 1317 1477 1371 ad
1492 1327 1517 1371 te
1530 1317 1671 1371 multitudo
1685 1318 1778 1383 arada,

147 1403 297 1481 repleloesl'
314 1420 385 1465 lerro
405 1411 515 1465 scientia
538 1412 644 1467 Domini
669 1410 737 1483 (lau.
765 1414 815 1483 at).
842 1412 935 1481 ll'eque
986 1409 1115 1479 fortitudo
1128 1410 1246 1479 partirem
1259 1408 1355 1463 oenerrl
1370 1406 1431 1472 atti,
1455 1406 1595 1461 inundatio
1619 1405 1781 1461 camelorum

147 1502 220 1557 enirn
237 1501 290 1556 boc
302 1510 415 1571 propter
428 1502 545 1571 pecudes
561 1503 702 1573 dixitque
721 1518 782 1558 cum
807 1516 857 1559 nec
876 1504 934 1557 anl-
986 1500 1081 1569 operiet
1097 1509 1132 1565 te,
1148 1497 1315 1552 Diomedarii
1330 1496 1451 1563 lindiam,
1466 1506 1489 1550 et
1506 1496 1579 1566 ΕῙῙα,
1602 1506 1627 1550 et
1647 1511 1735 1550 omnes
1747 1496 1780 1550 de

148 1606 219 1647 mam
243 1590 365 1647 habeant
388 1591 566 1660 rationalem,
589 1609 640 1650 nee
664 1594 770 1650 bomini
793 1594 935 1651 scientiam
987 1588 1059 1645 Saia
1074 1590 1187 1654 venierat,
1201 1605 1297 1643 artronr
1314 1597 1340 1642 et
1364 1589 1425 1645 litus
1451 1588 1645 1658 depremere
1673 1585 1780 1639 laudem

147 1683 391 1753 baberepossunt,
410 1682 436 1737 id
459 1692 501 1739 est
523 1684 630 1740 Domini
659 1684 852 1755 cognitionem.
878 1684 933 1741 Sed
985 1678 1780 1751 Dominaanuanliamerl(leomalliaecenimetiarunon·

147 1774 180 1829 ad
197 1773 279 1843 bajus
295 1783 393 1829 restrae
408 1789 490 1844 super
504 1776 665 1845 prophetam
686 1776 766 1832 istam
783 1776 935 1846 intelligen-
986 1772 1050 1827 dum
1061 1782 1124 1828 sunt
1135 1782 1331 1827 consnnnnata.
1415 1828 1420 1832 ἢ

148 1866 192 1923 tiae
204 1866 429 1934 destructionem,
448 1866 577 1922 dixerunt
590 1868 715 1925 doctores
734 1868 816 1924 reslri
833 1868 934 1923 nullam
950 1848 973 1907 B
1022 1866 1141 1921 Pennus.
1154 1864 1348 1921 Cousunnnntn
1365 1878 1431 1919 sane
1452 1862 1562 1919 luerunt
1576 1873 1696 1933 lempore
1711 1870 1780 1917 tem·

148 1960 220 2015 inter
232 1968 339 2029 tempus
354 1959 514 2015 modernum
527 1969 554 2015 et
577 1970 682 2031 tempus
697 1960 797 2017 Christi
817 1960 935 2017 suturam
987 1958 1024 2027 pli
1040 1957 1163 2037 secundi,
1177 1957 1251 2027 quod
1264 1955 1407 2013 fabricarit
1417 1956 1487 2013 Em
1505 1970 1538 2011 er
1551 1965 1687 2026 praerepto
1699 1954 1779 2028 Cyri,

149 2066 209 2107 csse
221 2046 396 2116 distantiam,
415 2053 466 2107 nlsi
492 2050 564 2122 quod
579 2051 638 2121 ejus
660 2062 781 2124 tempore
794 2053 937 2125 captiuita-
989 2050 1166 2120 testedpgaeo
1183 2049 1331 2119 propbeta,
1356 2049 1401 2117 qui
1421 2047 1476 2103 ait:
1491 2044 1558 2102 aaa
1572 2046 1780 2101 dicinllomimm

150 2152 202 2197 tem
215 2156 323 2198 omnem
335 2142 446 2197 exibitis
458 2150 541 2211 alque
554 2144 705 2200 miseriam.
987 2141 1059 2196 Dens
1079 2138 1263 2193 exercituum:
1276 2138 1370 2191 ddiuc
1385 2136 1517 2192 modicum
1540 2146 1593 2199 ast,
1609 2148 1634 2188 et
1648 2152 1694 2205 epo
1708 2152 1781 2189 cam·

186 2232 304 2290 barses.
318 2232 388 2289 Ecce
400 2234 464 2289 item
479 2232 554 2287 aliud
567 2232 643 2290 isaiae
659 2234 731 2303 qnod
751 2234 869 2289 nondum
884 2235 938 2291 sci-
986 2230 1091 2285 moreio
1105 2226 1197 2282 calum
1213 2236 1237 2283 ct
1248 2236 1357 2294 lerram,
1372 2242 1444 2281 mare
1454 2235 1478 2283 ct
1493 2226 1608 2280 aridam.
1623 2222 1658 2277 dt
1673 2225 1779 2279 nraoedo

151 2337 210 2378 ntus
226 2322 393 2393 completum
415 2336 490 2389 esse3
507 2323 572 2379 dicil
595 2324 728 2393 siquidem
754 2323 873 2394 etipse:
901 2321 938 2378 El
988 2339 1076 2381 omues
1089 2330 1177 2393 pertica
1189 2362 1197 2387 ,
1211 2331 1235 2376 el
1252 2321 1354 2377 uenient
1377 2319 1529 2376 desiderata
1541 2327 1696 2373 coarctarem
1718 2332 1780 2387 pen·

151 2413 198 2469 erit
211 2412 258 2467 lua
272 2412 343 2468 lurroe
362 2414 430 2469 sicut
451 2416 498 2469 lna
515 2414 580 2469 solis
591 2426 614 2469 et
625 2414 672 2471 lua
687 2415 811 2471 solitarii
829 2424 938 2486 septem·
988 2420 1066 2484 liunt,
1080 2429 1104 2473 et
1118 2417 1228 2488 implebo
1240 2417 1347 2472 domum
1364 2416 1443 2469 istam
1455 2413 1557 2485 pluria,
1574 2412 1637 2466 dicit
1651 2410 1779 2465 Dominus

151 2504 250 2574 pliciter
262 2506 330 2559 sicul
343 2505 494 2576 lusseptem
504 2508 617 2575 dierum,
630 2509 658 2561 in
671 2508 714 2563 die
727 2525 779 2580 qua
788 2510 936 2580 allipnoerii
987 2510 1160 2565 exercituum.
1172 2506 1272 2577 llapno
1284 2510 1333 2563 crit
1345 2507 1430 2577 plorio
1441 2509 1536 2561 donnus
1550 2502 1780 2559 istiusnooisrimoe

153 2596 279 2652 Dominus
297 2596 390 2653 oulnur
403 2600 494 2669 papati
507 2601 549 2655 sui
564 2598 633 2671 (lto.
651 2608 728 2669 xxx).
987 2608 1048 2674 plur
1061 2618 1141 2673 quam
1153 2602 1256 2671 prime,
1269 2601 1332 2655 dicit
1355 2600 1485 2655 bantinus
1506 2598 1677 2653 exercituum.
1695 2591 1730 2647 Et
1751 2594 1780 2649 in

187 2688 303 2745 Pennus.
330 2687 388 2745 non
414 2700 458 2747 est
467 2706 533 2763 qens
558 2693 585 2746 in
612 2700 668 2748 tolo
689 2694 789 2751 mundo
814 2694 938 2749 stolidior
988 2692 1046 2747 laco
1075 2690 1215 2761 irloldalo
1241 2706 1351 2760 pacem,
1375 2688 1440 2743 dicii
1465 2688 1592 2742 Donriuna
1616 2685 1777 2740 aurelianas

152 2780 238 2844 robis,
252 2781 298 2852 qui
314 2782 415 2850 putans
429 2782 500 2853 quod
511 2797 611 2855 corpus
624 2784 666 2837 rel
677 2784 767 2840 lumcn
784 2786 854 2841 lunae
867 2786 938 2842 Deus
989 2782 1071 2854 (App,
1090 2781 1140 2851 rr).
1164 2781 1198 2836 m
1220 2782 1319 2852 quippe
1338 2796 1398 2851 qum
1422 2780 1458 2835 ibi
1483 2780 1591 2835 dixerat
1614 2777 1697 2833 lsaias
1718 2778 1778 2831 iore

153 2882 247 2943 anqeat
261 2872 320 2928 sire
333 2872 399 2929 solis
413 2892 420 2933 a
438 2874 478 2929 sol
491 2875 564 2930 enirn
578 2876 601 2930 si
612 2882 729 2945 quantos
743 2892 814 2933 nune
827 2887 869 2933 est
881 2894 938 2933 ma·
988 2884 1113 2940 rerrlura,
1128 2872 1244 2943 Aggasus
1257 2872 1367 2941 quidem
1382 2871 1410 2925 in
1424 2870 1523 2943 templo
1538 2870 1610 2939 quod
1633 2870 1692 2940 jam
1709 2880 1778 2924 tem·

152 2965 193 3033 jor
205 2975 307 3019 tantum
321 2975 396 3023 esset
408 2965 560 3041 dupliciter,
577 2976 660 3023 toturn
674 2966 795 3038 proiecto
807 2970 937 3025 mundum
987 2981 1055 3031 porc
1078 2980 1129 3021 suo
1152 2962 1312 3021 reaedificari
1340 2971 1477 3033 caeperat,
1502 2962 1592 3018 innuit
1618 2975 1679 3017 esse
1702 2974 1778 3017 coru·

153 3057 336 3122 combureret,
357 3072 392 3113 ne
407 3072 468 3113 euru
483 3058 505 3112 si
525 3058 753 3129 septemplicium
778 3060 849 3128 quod
870 3062 892 3115 ni
910 3069 939 3117 et
988 3056 1098 3128 pienda.

152 3146 240 3203 tamen
254 3150 313 3220 ejns
327 3149 542 3219 septempliciter
558 3147 645 3218 majas
666 3161 755 3217 esser,
770 3151 864 3208 oculos
881 3154 936 3209 uti-
1025 3146 1142 3208 llorses·
1159 3146 1254 3204 Potest
1282 3144 1408 3215 equidem
1420 3158 1482 3199 esse
1499 3154 1529 3199 ut
1544 3143 1623 3199 dicis·

152 3253 203 3309 qne
214 3241 416 3297 nostrosnimio
426 3240 569 3312 splendore
577 3242 748 3299 obtunderet.
757 3242 840 3300 Lunae
852 3246 936 3301 ellam
1023 3236 1142 3295 Psstutls·
1159 3236 1213 3293 Sed
1225 3236 1278 3302 llil·
1289 3250 1306 3292 0
1317 3235 1435 3308 M⁰l⁵0⁵2
1451 3234 1514 3305 (lnid
1531 3242 1572 3289 0⁵¹
1587 3234 1658 3304 qnod
1670 3233 1710 3289 ⁸5²
1720 3234 1779 3305 Ab·

153 3330 240 3385 lumen
254 3332 278 3385 si
294 3331 438 3403 splendore
453 3331 517 3387 solis
532 3347 583 3404 par
597 3332 683 3399 deret,
698 3347 777 3389 nemo
795 3334 851 3404 iam
866 3334 936 3391 ultra
987 3345 1072 3401 qaus,
1087 3347 1183 3401 mappa
1197 3331 1245 3387 erit
1258 3328 1342 3401 pieria
1354 3329 1448 3384 domm
1460 3328 1535 3381 iarius
1549 3328 1699 3382 norissima
1719 3326 1780 3397 plns

152 3420 322 3487 quiesceret,
338 3436 445 3491 semper
468 3421 568 3477 etenim
592 3422 649 3477 dios
663 3432 746 3478 esset.
759 3423 813 3481 Per
835 3425 937 3480 lunaris
987 3442 1066 3497 quam
1084 3424 1197 3494 prima?
1210 3422 1238 3478 ln
1254 3438 1309 3492 qno
1321 3422 1392 3479 enim
1409 3422 1506 3480 donnus
1527 3418 1679 3475 norissima
1693 3418 1781 3489 maJ'or

153 3513 233 3581 igitur
247 3512 318 3569 lucis
333 3512 391 3569 siue
404 3513 501 3569 solaris
514 3525 699 3585 angmentum,
714 3514 799 3570 roluil
808 3518 938 3586 pmpltcta
988 3514 1040 3569 luii
1053 3531 1134 3585 qurum
1148 3516 1241 3585 primae
1252 3513 1357 3584 ploria,
1371 3529 1433 3568 curn
1448 3512 1475 3568 in
1495 3512 1642 3569 norissima
1653 3526 1707 3567 noo
1721 3509 1781 3567 ino·

153 3602 264 3673 intelligi
278 3603 358 3658 lldem
370 3612 397 3657 ot
413 3603 526 3673 plrrriam
541 3603 568 3659 in
579 3603 716 3660 Christum
728 3604 936 3662 crediturorum.
988 3609 1045 3665 rint
1076 3609 1121 3664 illa
1137 3608 1254 3678 pretiosa
1279 3608 1396 3678 insignia
1423 3622 1484 3678 quae
1499 3605 1610 3661 luerunt
1627 3606 1655 3661 in
1670 3604 1780 3675 prima!

153 3696 191 3749 dc
204 3694 226 3749 si
238 3694 361 3749 diceret:
378 3692 459 3749 Fides
472 3694 579 3750 illorum
592 3704 621 3751 et
643 3694 729 3767 gloria
750 3694 939 3766 multipliciter
988 3698 1057 3755 uam
1071 3714 1159 3769 neque
1168 3714 1233 3753 arca
1247 3698 1354 3753 Domini
1371 3699 1422 3753 luit
1435 3699 1462 3752 in
1476 3702 1614 3764 secunda,
1628 3711 1678 3752 nec
1696 3696 1780 3751 ratio-
1877 3755 1885 3766 ,

153 3781 238 3853 maior
249 3784 303 3842 erit
322 3794 359 3845 et.
375 3783 540 3853 perlucidior
567 3798 649 3855 quapn
670 3784 875 3841 modernorum.
905 3786 940 3841 lit
989 3789 1046 3845 nali
1057 3790 1098 3844 nsi
1110 3799 1174 3845 sont
1198 3789 1226 3843 ln
1240 3803 1289 3852 ea,
1307 3804 1359 3844 nec
1376 3789 1452 3843 venit
1466 3789 1503 3844 ibi
1519 3788 1589 3859 iguis
1602 3788 1635 3843 dc
1652 3786 1780 3857 coeloqttl

153 3878 222 3945 quod
237 3892 292 3933 non
306 3878 340 3933 de
357 3876 420 3932 luna
433 3876 476 3933 vel
486 3876 542 3932 sole
553 3876 606 3933 isto
620 3876 735 3945 risibili,
747 3879 796 3933 sed
816 3878 850 3934 do
862 3878 939 3934 Glrri·
991 3880 1165 3938 combureret
1180 3878 1355 3945 holocausta,
1367 3894 1419 3935 nec
1435 3878 1487 3933 luit
1502 3887 1567 3933 tunc
1580 3881 1708 3945 temporis
1730 3894 1781 3933 ou·

153 3970 302 4025 stianorum
318 3968 489 4025 credulitatis
502 3968 588 4041 gloria
604 3978 629 4025 et
652 3968 796 4040 splendore
809 3970 939 4040 propbeta
990 3981 1050 4027 clos
1063 3979 1111 4025 ant
1121 3970 1252 4041 propbeta
1264 4010 1273 4035 ,
1285 3978 1313 4025 el
1325 3970 1377 4024 alia
1401 3970 1466 4024 item
1480 3968 1692 4038 quamplurima.

154 4058 300 4129 loquatur,
324 4059 351 4113 in
369 4060 545 4129 sequentibus
563 4067 680 4115 testatur
698 4074 759 4117 eum
782 4054 938 4131 subjungit:
1027 4063 1142 4120 llorsrs.
1157 4062 1259 4119 brnoc
1269 4062 1364 4130 utique
1374 4062 1528 4127 nescimus,
1547 4062 1599 4115 uisi
1610 4060 1683 4129 quod
1700 4058 1781 4115 ado·

155 4148 214 4204 lion
233 4152 282 4205 erit
293 4150 341 4203 libi
355 4150 468 4221 amplior
480 4150 520 4205 sol
531 4151 565 4204 nd
577 4149 716 4205 lucendum
739 4152 882 4221 paraliam,
896 4168 941 4207 nec
991 4157 1112 4214 oporibus
1126 4155 1231 4211 nostris
1246 4153 1416 4215 audirimus,
1432 4152 1478 4207 sod
1496 4160 1524 4206 et
1550 4152 1601 4221 ipsi
1615 4149 1683 4205 nibil
1707 4150 1781 4205 aliud

154 4242 275 4314 splendor
289 4241 359 4298 lunoe
371 4230 531 4299 illuminabit
546 4244 605 4308 tili,
618 4244 663 4299 sed
678 4244 729 4299 erit
745 4245 793 4299 tili
812 4244 940 4299 Dominus
992 4250 1140 4313 dixerunt,
1154 4246 1207 4301 nisi
1222 4245 1295 4315 qood
1319 4243 1416 4298 domus
1438 4242 1559 4298 secunda
1582 4242 1678 4297 decern
1702 4242 1782 4296 antris

154 4338 181 4392 in
194 4337 279 4392 lucem
290 4338 518 4408 sempiternarum
531 4336 602 4391 Deua
614 4346 674 4391 tuat
686 4337 714 4391 ia
726 4336 836 4407 pieriam
849 4346 940 4403 tuaru,
991 4336 1141 4409 permansit
1154 4336 1256 4391 diutius
1271 4349 1351 4403 quarn
1363 4334 1461 4405 prima.

155 4440 179 4483 et
192 4446 245 4485 non
258 4430 357 4485 arridei
372 4430 442 4484 ultra
454 4428 495 4483 rol
505 4439 583 4495 tuor,
598 4438 623 4484 ai
640 4428 703 4483 luna
718 4440 763 4483 tua
775 4446 826 4485 uon
840 4430 941 4483 mirme-
1027 4426 1147 4482 l’eruos.
1162 4424 1227 4481 ibeo
1240 4424 1443 4495 prolectonnlla
1458 4432 1501 4479 cst
1510 4424 1605 4494 gloria.

155 4522 425 4591 tur,qniallanrirur
440 4524 488 4576 erit
507 4521 535 4575 ia
556 4521 639 4577 lucem
662 4523 845 4593 sempiternam
873 4520 982 4591 (lamp
1031 4519 1148 4575 Marses.
1175 4518 1248 4591 Ergo
1271 4519 1385 4591 bqpaeus
1416 4517 1510 4587 procul
1534 4516 1616 4571 dubio
1639 4524 1681 4572 est
1705 4529 1781 4571 men·

155 4614 212 4683 nr).
228 4614 297 4669 Nam
310 4616 333 4671 si
348 4614 381 4670 de
395 4614 453 4671 sole
474 4614 517 4670 uel
540 4614 605 4669 lnna
616 4614 725 4687 proprie
748 4614 863 4678 diceret,
892 4614 943 4669 lroc
996 4611 1071 4668 titus.

155 4701 264 4775 qirirlem
281 4706 353 4776 quod
370 4706 451 4771 dicit,
467 4723 518 4761 non
542 4708 589 4761 erit
605 4706 652 4759 till
666 4705 779 4776 amplius
800 4706 840 4760 rol
853 4704 888 4760 ad
902 4704 946 4759 la·
1031 4700 1149 4765 Porcus.
1168 4703 1257 4759 dbsit.
1270 4702 1323 4758 Sed
1335 4702 1362 4757 iu
1373 4702 1425 4758 boc
1436 4701 1488 4756 inii
1502 4714 1602 4772 magua
1618 4700 1715 4755 domus
1734 4716 1784 4755 uo·

156 4797 267 4851 rendam
281 4814 327 4866 per
345 4798 428 4860 diem,
443 4814 489 4851 nec
507 4798 629 4865 splendor
647 4796 717 4850 tarra
727 4796 885 4853 illuminabit
905 4806 943 4863 te,
994 4792 1114 4850 sissima
1127 4794 1212 4865 gloria
1227 4810 1309 4864 quam
1332 4795 1445 4863 primm,
1474 4794 1545 4865 quod
1565 4793 1640 4848 verrit
1660 4792 1787 4849 Cbristus

155 4888 196 4942 illi
209 4887 280 4957 qood
293 4902 376 4958 snpra
391 4888 672 4943 dixeratcoutrarinm
683 4896 766 4954 esset,
779 4891 828 4944 erit
841 4891 946 4947 scilicet
997 4888 1087 4943 adbuc
1099 4903 1131 4943 ca
1142 4895 1244 4953 slanle,
1260 4885 1337 4954 cnjus
1357 4886 1491 4942 adrentus
1516 4887 1606 4956 rurajor
1626 4887 1677 4943 latr
1700 4886 1786 4957 qloris

155 4978 205 5034 tua
217 4979 285 5032 sieut
296 4976 434 5042 luciolis„
444 4988 467 5031 et
489 4979 536 5031 erit
550 4978 759 5047 septempliciter.
775 4977 851 5036 l‘alet
865 4980 960 5053 igilur¹
998 4992 1080 5050 quam
1095 4978 1138 5032 illa
1165 4976 1321 5047 supradicta
1339 4978 1430 5031 ourrria
1454 4977 1585 5033 habuere.
1609 4978 1662 5033 Sed
1682 4984 1710 5032 et
1725 4980 1786 5041 boc,

155 5068 222 5140 quia
237 5068 424 5139 desplendore
444 5078 472 5123 et
495 5068 580 5139 gloria
605 5070 666 5125 lldei
690 5080 792 5127 sanotae
816 5070 943 5127 Ecclesia
998 5072 1021 5126 si
1035 5070 1268 5139 placel,subtilius
1278 5069 1364 5125 multo
1374 5084 1520 5139 possumus
1536 5059 1789 5139 intelligeremin-

154 5161 294 5232 propheta
308 5160 353 5215 bic
367 5160 502 5231 loquitur,
526 5162 597 5228 quod
622 5168 694 5216 etex
718 5164 947 5232 consequentibus
976 5170 1040 5215 .cet
1056 5162 1128 5231 quod
1153 5162 1187 5217 de
1212 5163 1308 5217 eadem
1332 5160 1413 5216 donno
1436 5160 1539 5216 dictum
1565 5162 1617 5225 sit,
1642 5161 1789 5216 romesinam

155 5251 335 5322 designatur,
351 5268 412 5309 curn
424 5250 681 5317 subditur,sederit
703 5254 751 5307 tibi
771 5252 901 5309 bominac
921 5254 947 5308 in
999 5260 1082 5321 atque
1104 5252 1216 5323 prime,
1244 5253 1278 5307 dc
1300 5250 1359 5319 ejrrs
1377 5250 1502 5305 uidelicet
1522 5251 1655 5320 principio
1668 5258 1697 5303 et
1726 5248 1788 5316 dire.

154 5343 243 5397 larem
254 5345 457 5411 sempiternam,
480 5340 662 5397 albescimus
687 5344 714 5395 in
732 5342 842 5411 plotium
863 5352 947 5397 tuam.
1002 5342 1509 5411 NarncnmcircainerneiusiCbristns
1522 5337 1786 5406 adveneritldalosr.

152 5436 198 5489 Ac
213 5436 235 5488 si
252 5434 356 5491 diceret
371 5454 376 5487 :
394 5433 571 5503 Nequaquam
585 5432 701 5489 ulterius
722 5433 782 5487 lnce
805 5433 949 5489 erudelitn-
1002 5433 1100 5501 nl,pcr
1114 5446 1195 5501 quem
1207 5433 1273 5487 etin
1290 5434 1347 5503 ipsa
1360 5434 1443 5488 domo
1452 5432 1538 5487 deitas
1551 5428 1693 5492 habitavit,
1704 5426 1791 5497 gloria

154 5527 195 5579 tis
212 5538 309 5581 vestrm
324 5526 414 5597 liujus,
427 5540 488 5593 qum
502 5525 597 5581 similis
613 5532 655 5581 est
680 5526 744 5580 solis
759 5525 837 5581 istius
861 5536 950 5581 lrans-
1003 5524 1096 5593 ulique
1109 5522 1167 5591 cios
1180 5523 1327 5577 nouissimo
1350 5523 1492 5593 plusquam
1507 5521 1593 5588 primo
1609 5532 1707 5587 magna
1728 5516 1791 5572 init.

152 5616 248 5682 iterii,
262 5616 306 5671 rel
317 5616 388 5671 lunae
401 5615 554 5685 indigebitis
566 5613 735 5686 lulqoribus,
749 5614 831 5685 q'loria
852 5617 950 5685 quippe
1002 5617 1086 5686 Cuius·
1098 5616 1198 5672 Christi
1212 5616 1331 5670 adventu
1353 5616 1516 5682 omniaque
1530 5623 1558 5667 et
1581 5612 1664 5667 lsuias
1677 5607 1745 5663 dicit
1766 5620 1794 5664 et

152 5707 296 5765 lucissoae
309 5722 358 5765 vos
371 5707 536 5763 :elumoliter
554 5708 716 5763 illuminabit
739 5705 879 5763 borninus.
897 5706 951 5763 Sed
1002 5706 1118 5779 dqpaeus
1131 5714 1261 5771 testalur,
1276 5717 1341 5763 sorti
1363 5702 1506 5773 completa.
1525 5702 1585 5771 lpso
1610 5697 1714 5766 ultione
1741 5698 1794 5752 ΜΙ-

151 5810 182 5856 et
198 5800 274 5871 quod
287 5801 429 5871 sequitur,
443 5814 493 5853 aon
512 5799 607 5853 accidat
624 5799 693 5852 ultra
711 5797 950 5867 salamandram
1004 5799 1141 5867 ueniente,
1156 5800 1239 5855 rnams
1254 5797 1399 5856 multitudo
1411 5805 1438 5851 ct
1450 5803 1528 5851 terra
1544 5793 1579 5851 ad
1599 5803 1660 5848 curru
1670 5796 1715 5845 est
1728 5802 1796 5847 ouri-
