4017 6342
223 416 278 471 535
694 405 796 468 Perat
816 410 989 477 etertottst
1010 408 1057 467 EX
1076 410 1200 471 JUDAEO
1213 410 1412 470 clttttsttnrtt
1813 412 1867 470 itt

227 529 310 597 tiditis
332 532 403 584 uotls
425 526 452 581 in
473 525 554 581 aeriis
573 524 703 579 mendacii
723 541 783 596 quo
803 542 854 581 non
873 528 1055 599 proderaatt
1106 527 1223 585 tlorsss.
1241 527 1271 583 ln
1285 529 1338 585 boo
1359 526 1444 582 rerlro
1463 526 1513 581 tibi
1529 524 1580 596 ipsi
1596 523 1756 590 contrarios
1770 532 1866 581 osteu-

224 620 306 687 oobis,
319 618 415 687 furori,
430 616 557 681 occidere,
569 613 725 679 adstiterori,
736 615 832 685 jurare
844 618 1017 681 mendaciter,
1070 616 1155 682 doris,
1171 633 1233 672 cum
1248 618 1373 688 superios
1389 615 1492 672 dixeris
1504 614 1631 671 homines
1645 614 1718 670 illiso
1732 616 1866 685 temporis

223 710 306 765 litare
315 708 465 771 bantinum
477 706 516 759 ire
526 714 584 775 post
597 705 659 760 deos
670 704 771 762 atienos
785 724 850 779 quos
864 708 1018 779 ipnorastis,
1069 707 1208 779 religiosos
1222 717 1249 763 et
1260 706 1350 775 justos
1363 707 1458 770 titisse,
1471 716 1500 762 et
1513 705 1581 778 legis
1600 715 1735 779 praecepta
1749 706 1867 763 tideliter

222 809 248 855 et
263 800 367 854 acuistis
381 808 404 851 er
420 796 526 851 stetistis
544 813 632 851 coram
651 814 691 852 me
702 801 730 853 in
747 800 828 853 domo
847 801 909 863 tuac,
924 800 951 853 in
964 818 1018 872 pun
1068 799 1228 864 custodisse,
1243 815 1315 856 nttoc
1330 809 1420 855 autem
1431 814 1526 854 eorum
1539 813 1621 869 opera
1633 799 1868 870 lteodisplicuisse

221 889 368 942 invocatum
379 895 415 940 est
424 903 516 940 nomen
527 898 655 954 mennam
662 888 765 944 dicistis
774 908 783 945 .·
792 889 905 945 Liberali
914 908 1017 959 sumus,

221 976 333 1048 eoquod
347 976 554 1046 [ecimusomnes
565 977 772 1034 abominationes
792 979 858 1035 istas
877 980 1016 1053 (lectu).

220 1066 399 1122 Abominatur
410 1075 450 1123 est
466 1068 635 1139 itaquebeus
647 1085 728 1140 opera
737 1072 1015 1142 vestrmetnictimas,

220 1174 283 1218 cum
298 1159 424 1224 canticis,
438 1160 594 1229 expulitque
607 1176 656 1216 nos
670 1162 702 1217 de
717 1162 817 1233 corrupto
827 1179 887 1230 sno,
901 1173 928 1220 et
943 1174 1015 1222 terra

221 1248 293 1304 sicut
305 1247 389 1305 isaias
403 1249 535 1320 propbeta
551 1251 720 1319 apertissime
732 1254 831 1309 talibus
842 1256 932 1311 uerbis
946 1257 1015 1312 insi-

220 1341 369 1407 ttuat:Quo
385 1342 450 1407 mitti
468 1341 661 1398 multitudinem
672 1345 838 1401 uictimarum
853 1356 1014 1419 nestrorum,

220 1430 283 1487 dicit
303 1433 446 1488 Dominus?
466 1432 564 1489 Plenus
586 1452 659 1500 snm,
683 1436 837 1493 tuotocnusto
856 1440 969 1495 arietum
989 1453 1014 1496 et

220 1522 323 1591 adipem
334 1525 481 1593 pinpuium,
491 1536 514 1579 el
521 1528 863 1597 scopatinemuitutorum,et
874 1548 1014 1603 opnorum,

190 1658 194 1667 .
219 1621 244 1665 el
265 1610 398 1666 hircorum
424 1612 505 1669 notui.
534 1612 599 1669 Cum
625 1616 745 1670 veniretis
766 1627 825 1673 orate
849 1631 1014 1691 conspectum

219 1720 315 1769 mcum,
331 1705 388 1775 quis
399 1705 516 1777 quaesiuit
537 1706 592 1761 irruo
607 1706 775 1765 demonibus
793 1712 895 1781 uestris,
915 1722 944 1766 nt
959 1730 1015 1768 arn·

219 1792 344 1848 tutareris
356 1796 383 1849 in
398 1797 473 1851 atriis
485 1797 566 1851 meis?
582 1797 638 1852 Nec
649 1800 844 1869 offeratisnttro
853 1805 1012 1873 sacrificium

1068 890 1226 946 conttrmas.

1103 978 1221 1036 Pennus.
1243 979 1397 1036 &cundum
1411 980 1483 1050 qarod
1502 979 1642 1051 legistator
1656 980 1764 1051 Moyses
1779 996 1795 1034 a
1810 980 1867 1035 Deo

1066 1071 1153 1142 legem
1168 1082 1321 1141 acceperat,
1338 1078 1366 1126 et
1384 1070 1424 1126 eis
1437 1079 1625 1142 proposuerat,
1640 1084 1687 1126 eos
1702 1072 1784 1142 digne
1809 1086 1867 1125 ser-

1067 1175 1146 1217 vasse
1159 1176 1213 1215 non
1232 1160 1347 1231 denego.
1372 1158 1427 1215 Sed
1448 1170 1592 1231 postquam
1606 1158 1731 1214 Claristus
1746 1159 1865 1221 advenit,

1066 1253 1113 1323 qtti
1131 1253 1327 1323 prophetarum
1342 1266 1442 1307 arcana
1463 1251 1611 1315 revelarit,
1631 1260 1659 1307 et
1674 1251 1744 1323 legis
1758 1250 1869 1305 sublato

1065 1343 1217 1410 uelamine,
1236 1341 1405 1413 spiritualem
1430 1342 1476 1413 qui
1498 1341 1600 1397 latebat
1623 1356 1735 1395 sensnm
1759 1340 1869 1409 aperuit

1066 1435 1142 1506 (Luc.
1154 1435 1282 1508 :stupes
1297 1444 1361 1490 tunc
1372 1449 1426 1489 non
1437 1434 1585 1490 secundum
1600 1433 1721 1488 litteram
1735 1432 1867 1487 occiden-

1067 1533 1131 1590 tem.
1149 1525 1196 1581 sed
1218 1524 1367 1580 secundum
1383 1522 1508 1594 spiritum
1529 1522 1712 1578 vivificantem
1740 1520 1786 1593 pt
1801 1519 1867 1577 Cor.

1066 1613 1108 1686 ιιι)
1122 1613 1218 1686 legatia
1232 1612 1385 1669 debuerunt
1396 1613 1519 1668 instituta
1532 1627 1651 1677 serrare,
1667 1612 1797 1683 quoniam
1814 1611 1862 1682 qui

1066 1702 1154 1775 legent
1177 1702 1300 1768 dederat,
1323 1701 1419 1757 metius
1433 1717 1493 1757 eant
1508 1716 1588 1772 otram
1604 1702 1744 1772 propbetas
1756 1701 1804 1771 qni
1819 1716 1869 1754 sn-

1066 1792 1169 1848 ditores
1186 1790 1296 1846 inerant
1308 1790 1484 1862 intelligebat.
1498 1790 1576 1857 Quod
1589 1789 1652 1859 qnia
1667 1789 1759 1844 tacere
1773 1790 1870 1860 negte-

218 1881 484 1952 [r·ustra.1ncensum
502 1886 663 1944 abominatio
682 1901 720 1945 est
735 1894 808 1949 mitri.
832 1891 1013 1961 Neomeuiom,
1029 1887 1185 1952 Bffllllll,
1210 1884 1270 1939 {1100
1294 1898 1389 1939 00¹⁰!ss
1411 1883 1538 1952 instillas
1561 1881 1768 1937 0b⁵01V2¹i⁰¹¹8⁸
1794 1882 1868 1935 ⁰0⁰³

218 1967 363 2027 Sabbatum
378 1984 403 2029 el
415 1974 567 2043 [esrioitates
587 1978 656 2034 otios
676 1997 727 2035 non
737 1982 834 2052 seram.
852 1983 1014 2056 Iniquitate
1065 1976 1205 2047 suscipere
1228 1975 1333 2041 lenuit,
1360 1974 1587 2045 tuemidfflOdUffl
1611 1982 1639 2028 ⁶¹
1663 1983 1775 2028 wem
1798 1972 1869 2027 '5¹⁰⁸

217 2072 296 2117 cetus
308 2066 397 2119 uestri.
420 2064 557 2124 liniendos
576 2081 676 2127 uestras
690 2083 713 2127 el
728 2074 905 2131 sotenmitates
916 2088 1015 2132 oestrus
1066 2084 1134 2140 quos
1147 2077 1210 2123 ante
1227 2076 1382 2139 susceptam
1396 2082 1444 2137 per
1457 2080 1566 2121 manum
1580 2064 1662 2137 ttoysi
1678 2066 1766 2135 tegent
1779 2080 1864 2120 esco-

218 2152 297 2208 odiuit
312 2156 481 2228 onirnomea,
495 2159 567 2229 [octa
584 2173 644 2215 sunt
665 2164 731 2219 initui
743 2164 862 2221 molesta.
885 2165 1014 2224 Laboraui
1066 2161 1157 2216 lebant
1175 2160 1248 2233 (¹⁴²⁰-
1265 2158 1354 2231 Μὴ»
1369 2165 1430 2230 9⁰⁸²
1443 2156 1566 2212 eamdem
1589 2164 1743 2225 ⁵¹¹⁵⁶⁰p¹²¹¹¹
1768 2154 1863 2225 ΝΟΜ·

216 2248 357 2303 sustinens.
376 2247 452 2317 Quod
469 2260 497 2306 et
515 2250 667 2309 tlioremias
686 2256 1014 2315 conttrtuiatdtcen521lr
1064 2254 1125 2308 buit
1146 2266 1284 2319 exercere,
1299 2251 1367 2307 duas
1383 2248 1508 2303 nitleticct
1530 2261 1639 2303 sorores
1659 2246 1741 2302 simul
1763 2248 1868 2302 ducere

216 2340 280 2409 quid
297 2340 363 2395 miii
382 2344 442 2396 titus
462 2343 495 2397 de
515 2341 587 2399 Sata
606 2346 722 2416 efferate,
745 2357 769 2402 ιι
790 2348 922 2405 cuiusnam
935 2368 1015 2408 mm
1066 2356 1178 2408 uxores,
1194 2340 1237 2396 rel
1250 2340 1361 2395 satiram
1378 2352 1489 2395 uxorem
1504 2336 1638 2405 accipere,
1662 2338 1791 2392 onauibus
1804 2336 1867 2391 stri-

216 2430 329 2489 oientem
346 2433 377 2488 de
396 2443 467 2489 terro
484 2434 648 2507 tonpinpnat
668 2436 905 2496 Holocaustomata
930 2454 1014 2499 uestra
1065 2433 1183 2489 malibus
1197 2434 1269 2488 testi
1282 2432 1372 2503 (Dent.
1389 2432 1456 2502 sav).
1471 2428 1534 2484 llaec
1546 2438 1573 2485 et
1586 2428 1686 2485 similia
1700 2438 1765 2483 ante
1777 2427 1865 2497 legem

217 2538 271 2577 aon
290 2533 350 2577 sunt
370 2533 476 2593 occepta
498 2534 523 2579 ct
545 2528 658 2582 victime
680 2538 770 2583 cestre
792 2546 844 2585 non
861 2531 1014 2601 placuerunt
1065 2533 1189 2597 agentes,
1203 2524 1243 2579 ῑθῑ
1260 2539 1312 2577 ΙΙθῐΙ
1329 2524 1509 2588 habebimur,
1535 2522 1583 2575 ⁵⁰⁶
1604 2528 1700 2590 P⁰⁵¹0²
1713 2534 1796 2575 ”0¹⁰⁰
1808 2520 1870 2576 Sine

216 2612 282 2667 mitri
305 2612 372 2685 (ier.
394 2616 445 2686 vt).
468 2616 535 2672 item
562 2617 648 2674 alibi:
679 2618 744 2674 Cum
763 2622 943 2692 jejunaverint
962 2642 1015 2679 ιιοιι
1064 2614 1395 2689 Ρθΰΰᾶῑθῐΰθθῐθβῡῑῑῑῑῑ·

216 2705 359 2759 exaudiam
381 2722 470 2775 preces
489 2723 591 2774 eorum,
611 2720 635 2763 et
656 2711 678 2763 si
700 2710 1016 2768 obtulerinttratocnusto·
1041 2776 1047 2787 ,
1101 2705 1219 2763 binrses.
1237 2707 1338 2779 Legem
1352 2714 1474 2762 nostram
1489 2712 1569 2775 prout
1590 2702 1698 2777 ttoyses
1718 2704 1811 2767 dedit,
1838 2714 1868 2761 et

214 2804 299 2864 mota,
310 2806 334 2852 et
348 2797 481 2865 uictimas,
501 2816 552 2854 nou
576 2800 716 2871 suscipiam
742 2819 773 2857 ca
796 2801 864 2874 (ter.
884 2805 951 2875 sta).
976 2806 1015 2861 tte
1065 2800 1154 2855 suariis
1164 2810 1271 2870 patrum
1287 2807 1440 2855 nostrorum
1452 2798 1591 2867 generatio
1605 2798 1756 2866 antiquitus
1768 2796 1865 2861 coluit,

216 2889 271 2945 troo
285 2888 366 2943 etiam
385 2889 468 2947 timos
487 2892 619 2962 propbeta
640 2893 677 2948 ait
692 2908 700 2947 a
718 2892 770 2948 Odi
783 2904 807 2948 er
817 2896 918 2966 projeci
937 2897 1013 2967 [estt-
1065 2900 1094 2947 et
1113 2890 1152 2946 sic
1168 2890 1251 2947 etiam
1272 2889 1378 2945 anobis
1390 2904 1439 2961 per
1451 2888 1543 2944 ornain
1565 2890 1728 2943 servandam
1741 2897 1771 2943 et
1784 2888 1869 2944 eredo

216 2981 310 3035 uitales
323 2990 433 3045 uestras,
448 2992 472 3037 et
483 2999 534 3037 non
550 2984 653 3051 capiam
667 2985 773 3039 odorem
787 2996 898 3040 coetuum
916 2997 1015 3042 uestro·
1068 2994 1096 3041 et
1112 2998 1221 3039 corusco.

217 3088 290 3126 rum.
314 3070 393 3139 Quod
418 3074 440 3129 si
467 3074 608 3130 attuleritis
621 3076 685 3131 mitri
717 3077 962 3147 holocaustomata,
989 3090 1014 3135 et
1101 3075 1220 3132 Pensns.
1241 3073 1270 3130 st
1298 3082 1403 3130 ueteres
1426 3072 1494 3145 legis
1520 3072 1726 3129 observationes
1750 3072 1870 3127 Domino

215 3178 325 3218 ntunera
336 3174 419 3217 uestra
433 3181 484 3219 non
496 3168 648 3236 suscipiam,
665 3178 690 3224 et
701 3178 761 3223 nota
770 3170 906 3241 pinpuium
919 3182 1014 3227 oestro·
1066 3167 1247 3240 acceptabiles
1271 3166 1399 3231 inissent,
1424 3166 1488 3221 dum
1513 3181 1560 3222 eas
1582 3180 1665 3237 opere
1679 3164 1869 3236 compleretis,

214 3270 273 3309 ram
298 3272 350 3311 non
373 3257 520 3327 respiciam.
547 3259 672 3329 Anterum
693 3261 835 3316 trimetrum
859 3264 1010 3318 cornrinum
1025 3228 1048 3293 c
1064 3275 1235 3331 nequaquam
1248 3274 1295 3314 ros
1308 3259 1341 3314 de
1357 3258 1458 3327 tempto
1472 3265 1500 3313 et
1514 3256 1601 3328 patria
1613 3255 1748 3325 eiecisset.
1765 3255 1820 3311 Sed
1835 3264 1868 3310 nt

216 3352 331 3409 tuorum,
347 3354 371 3401 ct
389 3346 492 3400 cantica
507 3347 572 3417 tprcc
588 3358 641 3403 truce
658 3366 710 3404 non
732 3350 840 3405 audiam
868 3352 959 3423 (tanos
970 3352 1010 3426 a).
1066 3351 1120 3406 tuis
1140 3350 1310 3421 acquiescam
1326 3348 1508 3414 sermonibus,
1534 3357 1580 3403 tun
1601 3357 1627 3403 te
1643 3346 1867 3418 redarguendum

216 3436 255 3491 oe
267 3434 317 3491 boo
331 3436 591 3510 iterum-Malacinos
607 3440 663 3495 ait:
684 3439 745 3496 Non
761 3451 797 3496 est
812 3443 876 3497 ntitti
890 3443 1012 3501 ooinrttos
1063 3456 1123 3498 csse
1135 3440 1626 3511 ostendamjudieio,cum‚sicutdisi,
1638 3439 1766 3494 nibilnisi
1778 3454 1868 3509 pauca

214 3529 243 3583 in
262 3528 353 3591 notis,
374 3529 436 3584 dicit
458 3530 587 3586 Dominus
607 3533 782 3599 exercituum,
803 3544 828 3589 et
849 3554 943 3592 munus
961 3554 1012 3595 raon
1064 3536 1097 3591 de
1109 3536 1175 3607 legis
1188 3533 1339 3590 observetis
1353 3533 1504 3605 praeceptis,
1521 3543 1547 3588 et
1564 3548 1615 3589 nec
1636 3533 1694 3603 ipsa
1716 3541 1798 3601 prout
1821 3530 1867 3587 ies

215 3618 358 3687 suscipiam
377 3618 408 3675 de
421 3636 502 3675 manu
516 3630 600 3676 uestra
621 3620 732 3693 (llatae.
746 3622 777 3692 t).
795 3624 829 3679 El
845 3624 987 3683 Psalmista
1003 3647 1011 3683 z
1066 3629 1187 3699 precipit
1203 3642 1236 3683 en
1252 3636 1308 3683 toto
1322 3626 1495 3690 custodiatis,
1521 3625 1742 3695 qnandoquidem
1767 3640 1817 3680 nec
1837 3626 1869 3678 in

215 3708 383 3779 Sacrificium
397 3722 420 3767 et
436 3712 594 3769 oblationem
610 3714 728 3781 noluisti,
746 3734 823 3774 aures
843 3730 930 3775 autem
950 3738 1010 3792 per·
1064 3719 1199 3783 sabbatis,
1217 3733 1267 3774 nec
1281 3719 1306 3773 in
1320 3716 1544 3778 solemnitatibus.
1560 3724 1606 3770 aut
1620 3714 1731 3786 iejuniis
1745 3717 1867 3782 restris,

217 3802 306 3870 iecisti
326 3804 389 3857 nritri
403 3802 492 3875 (Psnt.
510 3805 615 3876 xxxta).
629 3806 680 3861 t‘cn
692 3806 760 3865 Osee
771 3825 879 3880 ottoque
893 3811 1012 3883 Prophe·
1064 3820 1115 3865 ant
1130 3811 1255 3865 uictimas
1274 3818 1322 3864 ant
1342 3807 1395 3862 alia
1408 3821 1469 3877 quae
1484 3806 1636 3862 necessaria
1659 3814 1724 3861 sunt
1747 3815 1775 3861 ct
1797 3822 1869 3876 prae·

214 3902 271 3947 tam
294 3894 333 3949 sie
355 3894 393 3949 ait
415 3912 423 3949 ι
443 3894 552 3951 Cessare
571 3896 670 3967 sociam
692 3915 766 3953 omrre
787 3900 914 3970 pendium
936 3902 1012 3972 cius,
1063 3908 1142 3971 cepta
1165 3900 1299 3956 babeatis.
1315 3898 1460 3955 Orationes
1474 3898 1556 3953 etiam
1579 3912 1648 3967 ortas
1672 3895 1732 3951 ioco
1756 3896 1868 3951 sacriti-

213 3984 406 4043 soiemnitotem
428 4006 502 4059 epus,
522 3992 683 4045 neorrreniam
701 3992 770 4059 ejus,
781 3990 925 4048 Saloatum
943 3995 1011 4063 ejus,
1063 3992 1168 4047 ciorum
1185 3989 1298 4046 Domino
1309 3986 1433 4054 tunditis,
1449 4004 1503 4042 non
1519 3986 1742 4043 otetaudiantor
1756 3986 1870 4055 adeius

213 4088 240 4135 et
254 4081 344 4135 onraria
358 4080 426 4150 [esto
438 4090 583 4152 temporum
593 4082 650 4151 ejus
662 4081 737 4144 (Oce.
751 4081 792 4153 ιι),
806 4093 834 4139 et
848 4084 931 4139 multa
946 4084 1010 4152 alia;
1065 4099 1145 4139 aures
1164 4082 1324 4138 ascendunt.
1341 4080 1397 4137 Nec
1412 4083 1465 4138 tuoe
1487 4080 1684 4136 malevolentiae
1701 4096 1770 4135 mear
1788 4092 1868 4151 potes

214 4186 275 4241 quas
288 4186 448 4229 enumerare
466 4171 577 4245 lorrgnm
601 4186 652 4229 est.
671 4173 735 4231 llaec
750 4184 811 4230 sunt
828 4178 962 4247 praecipua
985 4186 1013 4232 et
1063 4184 1111 4229 ant
1133 4174 1217 4230 andes
1238 4174 1391 4238 ascribere,
1417 4189 1478 4229 etum
1504 4172 1614 4244 ipsimet
1630 4172 1713 4229 vestri
1737 4174 1867 4228 doctores

214 4264 320 4333 majora
337 4262 404 4335 legis
417 4274 513 4335 testrep
526 4275 673 4337 praeccpta,
687 4281 759 4335 ptum,
776 4267 1013 4338 sicutpropltetica
1065 4275 1197 4323 testentur
1210 4266 1294 4322 betam
1317 4266 1351 4321 ab
1373 4264 1419 4320 illo
1433 4273 1554 4335 tempore
1568 4280 1663 4336 preces
1676 4274 1786 4320 vostras
1809 4282 1865 4319 non

214 4354 366 4409 auctoritas
390 4361 416 4411 et
436 4356 612 4424 praesentiam
636 4362 786 4423 temporum
806 4354 909 4411 iradieat
928 4366 1011 4424 aetas,
1063 4359 1225 4427 suscepisse,
1237 4372 1290 4426 qno
1302 4356 1430 4426 temptum
1443 4356 1611 4412 destructum
1623 4365 1675 4410 est.
1689 4355 1768 4425 Qtrotl
1779 4356 1865 4410 ctiam

215 4444 288 4501 Deras
303 4460 472 4514 nequaqnam
488 4444 545 4499 uult
558 4444 591 4499 de
607 4459 688 4498 aranu
707 4444 844 4517 suscipere
859 4457 957 4502 vestra.
1064 4450 1207 4505 litor-emim
1229 4448 1366 4519 prophetae
1393 4447 1502 4502 firmant
1529 4448 1692 4502 attctoritate
1722 4447 1863 4503 dicentis:

249 4534 363 4591 ttorses.
377 4534 484 4599 Omnia,
498 4550 558 4605 qum
571 4534 699 4589 induxisti
714 4538 905 4605 prophetarum
918 4542 1010 4609 verba,
1029 4541 1131 4632 Denta
1146 4541 1293 4596 ctonraucro
1305 4548 1330 4594 et
1345 4555 1482 4610 ropnoero,
1498 4539 1609 4594 ecetnsit
1622 4540 1773 4594 orationem
1782 4555 1868 4593 menan

213 4627 249 4687 de
269 4628 425 4699 ttaltploniae
450 4626 608 4697 captivitate
634 4636 662 4682 et
684 4628 800 4685 dicinrus
824 4640 851 4686 et
875 4633 1012 4689 credimus
1066 4632 1258 4705 (tirrenum).
1282 4630 1314 4686 Et
1328 4632 1431 4686 iterum
1448 4648 1455 4685 z
1474 4629 1626 4700 opposuisti
1644 4629 1740 4683 arabem
1755 4630 1820 4694 titi,
1835 4647 1871 4682 ne

214 4719 300 4776 luisse
324 4719 465 4790 predicta,
489 4727 518 4774 et
537 4718 565 4775 in
586 4724 681 4800 eadem
701 4721 844 4793 completa.
868 4722 935 4777 Nam
953 4732 1014 4795 post
1065 4736 1181 4781 transcat
1196 4724 1281 4779 oratio
1293 4722 1403 4795 (Ttrren.
1421 4722 1517 4793 nt).Et
1530 4721 1635 4779 isaias:
1655 4720 1690 4776 Et
1705 4739 1767 4776 curn
1780 4732 1871 4777 erten-

214 4814 301 4882 ipsam
314 4819 342 4869 et
355 4810 483 4867 diuinitas
504 4825 554 4867 nos
570 4812 698 4882 respexit,
715 4821 743 4869 et
757 4814 893 4871 sacrificia
918 4824 1010 4871 nostra
1065 4817 1155 4872 eteritis
1174 4832 1268 4869 ntarrua
1284 4823 1401 4878 uestros,
1423 4823 1540 4867 coortam
1554 4813 1645 4868 ocutos
1659 4830 1732 4867 oreos
1748 4832 1764 4866 n
1783 4814 1869 4873 robis.

213 4904 346 4972 strseepit.
1064 4916 1088 4961 et
1110 4902 1424 4973 currt'muttiplicnoerr'tis
1451 4903 1615 4968 orationem,
1639 4918 1693 4956 non
1721 4902 1871 4956 exaudiam

250 4994 370 5051 Pennas.
390 4994 581 5067 Explanariom
594 5004 646 5053 toa
658 5012 734 5055 neus
745 4998 847 5068 optime
859 4998 1011 5056 intellectus
1064 4993 1132 5060 tlso·
1147 4994 1179 5062 rt·
1191 4992 1327 5048 Platones
1343 5005 1439 5045 anates
1451 5005 1498 5045 vos
1510 4990 1658 5046 secundom
1670 4989 1757 5062 troya
1771 4990 1868 5061 tegern

212 5088 371 5143 coneordat.
385 5086 529 5143 Camenim
542 5088 613 5145 Deus
625 5106 674 5145 ros
686 5090 720 5145 de
733 5089 1012 5160 captivitateeduetos
1064 5084 1195 5142 immundi
1218 5084 1295 5139 ostis.
1310 5082 1407 5138 Nullus
1420 5082 1494 5138 enim
1520 5082 1547 5137 in
1563 5081 1639 5136 vobis
1652 5090 1704 5145 est,
1717 5082 1766 5151 qrri
1789 5094 1864 5135 mor·

213 5178 248 5233 ad
265 5180 394 5251 temptum
409 5182 581 5252 patriamque
595 5183 714 5248 reduxit,
731 5192 806 5251 patet
817 5183 879 5251 quoia
894 5185 1011 5255 propbe-
1064 5186 1171 5233 tuorrrm
1187 5184 1289 5231 attacta
1315 5174 1434 5246 pollutus
1457 5188 1510 5229 non
1532 5175 1568 5229 sit
1592 5170 1689 5262 (Narra.
1704 5174 1775 5242 ιιι).
1799 5172 1867 5240 Quas

214 5280 303 5325 tarum
318 5271 405 5327 minas
419 5270 574 5342 complevit,
596 5280 624 5327 et
646 5271 732 5341 culpis
750 5270 861 5327 indultis
884 5272 1010 5328 victimas
1064 5270 1169 5326 scilicet
1181 5269 1295 5335 naucula,
1307 5268 1357 5323 uisi
1370 5266 1564 5339 conspersione
1577 5267 1678 5321 cineris
1694 5280 1789 5320 racem
1800 5262 1868 5317 rate

212 5367 320 5417 uestros
333 5362 515 5434 acceptabiles
529 5362 635 5417 lunlrnit.
652 5360 705 5417 Sed
720 5377 782 5417 cum
800 5372 894 5432 postea
913 5364 939 5417 in
952 5363 1010 5434 pri·
1063 5376 1119 5415 non
1135 5359 1239 5415 deletur
1250 5356 1323 5429 (teo.
1335 5359 1393 5428 ιι),
1406 5372 1487 5428 quam
1500 5372 1562 5413 cum
1577 5356 1746 5427 adpraesens
1759 5354 1866 5409 babere

212 5450 283 5505 atina
297 5453 399 5509 scelera
414 5451 566 5519 redissetls,
585 5450 707 5519 pristinis
723 5452 811 5509 denuo
828 5453 917 5523 poenis
938 5452 1008 5507 mnt-
1063 5467 1117 5508 non
1136 5450 1258 5524 possitis,
1273 5449 1309 5504 ab
1327 5448 1495 5503 immunditia
1517 5447 1626 5503 liberari
1650 5445 1783 5515 neqrtitis.
1805 5442 1869 5499 tto·

211 5544 262 5599 tati
280 5545 358 5611 estis,
376 5554 406 5601 et
420 5551 522 5615 quomo
544 5543 662 5598 secunda
679 5544 822 5614 captivitas
845 5545 932 5615 major
944 5560 1008 5616 gra·
1061 5546 1142 5601 lieres
1155 5544 1238 5600 etiam
1253 5549 1350 5596 restrae
1373 5555 1469 5595 ornares
1489 5540 1561 5594 tarsu
1582 5538 1867 5610 pollntacereduntur,

211 5635 327 5707 aterque
347 5637 409 5700 latit,
433 5650 515 5704 quam
537 5633 641 5703 prima,
667 5645 742 5693 tanto
761 5636 892 5705 maiorem
908 5637 935 5691 io
958 5636 1009 5693 bae
1060 5648 1123 5689 curn
1147 5630 1256 5701 pristini
1277 5630 1367 5685 desint
1382 5630 1552 5693 sacerdotes,
1573 5642 1689 5697 quorum
1711 5638 1774 5682 erat
1796 5624 1862 5681 reli·

212 5738 295 5791 ouam
319 5727 347 5783 ia
368 5726 414 5781 itta
438 5722 485 5779 bei
511 5739 592 5795 super
611 5740 659 5785 uos
685 5727 771 5800 liquet
794 5729 1008 5803 indignationem
1064 5724 1249 5797 ctotttjndicio
1274 5724 1346 5778 irater
1367 5730 1534 5777 menstruam
1555 5729 1584 5776 et
1607 5720 1755 5790 sangoinis
1779 5716 1873 5775 florus

212 5812 307 5871 inimo.
1068 5816 1198 5890 pollutam
1223 5816 1387 5883 discernere,
1412 5823 1439 5872 et
1463 5813 1509 5871 titii
1532 5813 1565 5870 de
1586 5810 1749 5882 pollutione.
1767 5809 1874 5868 ornnes
