4017 6342
151 320 205 380 stt

772 324 961 385 DISCIPLINA
981 330 1193 389 euthicetis.

155 452 221 493 uem
238 437 408 508 praedictum
420 438 536 495 etdliam
551 452 637 494 meam
656 452 787 509 amorem,
808 452 956 513 numquam
971 454 995 510 A
1011 464 1188 521 consurgens,
1205 452 1321 507 renitad
1336 452 1436 509 ostium
1451 463 1479 510 et
1493 464 1616 528 apertum
1632 456 1740 527 clausit,
1756 461 1802 515 dr·

157 530 186 585 ιιι
202 542 299 584 canem
329 537 486 586 mutaretur
512 528 577 585 filia.
603 528 653 585 Cui
681 530 719 585 ait
745 531 842 585 mulier
859 541 955 587 casta:

159 620 280 678 Obsecro
292 627 323 675 ut
337 621 483 677 consilium
508 618 588 690 hujus
614 620 652 675 rei
671 620 736 675 urile
747 621 831 686 dicas,
844 637 879 678 oe
893 638 957 693 pro-

161 718 220 790 pria
237 716 327 773 torma
342 719 450 789 privata
466 716 567 775 efficiar
594 719 726 776 canicula.
743 720 817 775 dnus
833 738 841 775 :
857 720 957 777 Liben-

165 822 205 866 ter
218 825 269 881 pru
281 808 329 864 Dei
348 820 482 866 arnorcet
497 811 617 868 remedio
639 812 738 866 animae
760 828 838 878 mem,
853 822 881 871 et
894 815 958 885 quia

164 903 297 959 misereor
316 902 367 969 tui,
385 903 457 958 latine
474 902 659 973 supradictum
685 905 811 975 juvenem
824 920 957 976 quaeram,

163 994 222 1052 etsi
239 1009 293 1064 quc
310 994 435 1051 invenire
456 1003 560 1065 potero,
579 995 612 1051 ad
631 1004 657 1051 te
672 996 813 1051 reducum.
828 996 877 1053 Cui
892 1015 958 1071 gra·

165 1084 220 1143 tias
237 1086 294 1157 egit
307 1085 418 1151 mulier,
431 1094 459 1140 et
473 1084 513 1141 sic
529 1100 598 1140 anus
613 1084 760 1141 artificiosa
775 1087 856 1143 dictis
877 1088 958 1145 lidum

164 1182 295 1255 praebuit.
310 1179 396 1249 Quem
410 1180 536 1253 promisit
551 1180 659 1239 reduxit
668 1180 807 1253 iuuenem,
821 1190 847 1237 ιι
861 1184 900 1241 ιιι
912 1199 959 1241 ιιι

164 1272 325 1329 adsociavit.

199 1363 354 1435 Discipulos
365 1362 498 1435 magistro
514 1382 521 1419 ι
539 1362 692 1435 Numquam
705 1364 794 1420 andini
808 1373 863 1421 tarn
878 1368 960 1421 mira-

164 1453 219 1511 bilc
233 1454 306 1525 quod
321 1463 348 1511 et
359 1464 423 1525 puto
443 1454 503 1509 heri
525 1463 584 1511 arte
605 1453 723 1526 dyaboli.
756 1454 905 1527 Magister:
921 1456 960 1513 lie

166 1546 285 1603 dubites.
301 1545 473 1617 Discipulos:
490 1544 578 1615 Spero
590 1546 660 1617 quod
674 1546 696 1601 si
709 1548 770 1617 quis
785 1557 840 1603 taur
852 1549 960 1618 sapiens

165 1638 218 1694 erit
234 1646 264 1693 ut
278 1650 387 1708 semper
402 1638 497 1694 timeat
508 1654 538 1695 se
547 1652 628 1709 posse
642 1638 729 1709 decipi
753 1648 811 1695 arte
826 1640 959 1707 mulieris,

1012 541 1106 605 ararit,
1124 541 1270 598 lenestranr
1297 546 1431 611 ascendit,
1451 547 1580 613 stetitque
1605 547 1642 604 ibi
1666 549 1752 607 donee
1771 554 1802 606 ia

1010 635 1126 693 camisia
1141 651 1253 692 uxorem
1276 654 1352 694 suam
1376 649 1556 695 revertentem
1582 643 1658 709 uidit,
1675 657 1735 713 quar
1750 643 1801 699 do·

1010 740 1085 779 mum
1110 726 1220 781 rediens
1241 727 1339 783 ostium
1365 730 1492 799 pulsarit.
1506 729 1553 786 Vir
1567 731 1707 788 mulierem
1723 748 1802 790 suam

1009 817 1125 872 attdieus
1137 828 1165 872 et
1180 818 1285 887 ridens,
1297 834 1329 875 ac
1353 820 1375 875 si
1397 823 1516 878 nesciret
1537 823 1716 895 interrogarit
1739 827 1802 897 quie

1009 919 1092 965 esset.
1108 910 1142 964 ht
1152 912 1209 979 ipsa
1222 911 1307 983 eulpae
1318 915 1424 969 reniam
1434 924 1530 985 petens
1542 926 1570 971 ιι
1583 932 1728 988 numquam
1743 932 1802 971 ant·

1011 1000 1082 1070 plius
1098 1016 1128 1057 se
1149 1003 1202 1059 troc
1216 1002 1350 1058 lucturum
1363 1006 1735 1078 promittensnibilprolecit,
1752 1008 1802 1063 scd

1009 1092 1053 1146 nir
1062 1090 1146 1148 iratus
1156 1092 1195 1148 ait
1212 1094 1282 1163 qnod
1294 1109 1353 1149 eam
1369 1110 1422 1150 non
1441 1096 1543 1150 intrare
1553 1098 1734 1166 permitteret,
1753 1099 1803 1155 sed

1010 1196 1071 1237 esse
1083 1197 1161 1237 suum
1177 1184 1233 1239 suis
1243 1184 1401 1253 parentibus
1415 1186 1580 1241 ostenderet.
1593 1190 1628 1241 ht
1642 1188 1699 1258 ipsa
1715 1189 1803 1257 magis

1011 1280 1039 1327 ιι
1051 1272 1137 1343 magis
1148 1272 1270 1329 clamans
1283 1275 1353 1328 dixit
1369 1276 1443 1345 quod
1456 1275 1508 1331 nisi
1523 1277 1622 1331 ostinnr
1640 1276 1801 1341 recluderet,

1012 1362 1040 1417 in
1052 1372 1163 1432 puteum
1177 1363 1222 1433 qui
1231 1360 1308 1430 juxta
1322 1365 1431 1420 tlornnm
1443 1373 1504 1420 erat
1522 1366 1617 1421 saliret
1627 1374 1654 1419 et
1666 1367 1702 1421 ita
1718 1366 1802 1420 vitam

1012 1453 1113 1519 liniret,
1125 1453 1219 1523 sicque
1232 1454 1266 1508 de
1279 1463 1368 1510 morte
1382 1470 1430 1509 sua
1440 1455 1535 1510 amieis
1546 1465 1573 1511 et
1579 1454 1740 1526 propinquis
1758 1471 1804 1509 ra·

1012 1542 1112 1599 tionem
1127 1542 1262 1599 redderet.
1279 1543 1384 1615 Spretis
1397 1545 1479 1601 minis
1492 1545 1618 1601 dommus
1630 1560 1686 1601 ιιι
1707 1546 1805 1601 mulio·

1011 1635 1060 1700 ris,
1081 1636 1184 1692 intrare
1197 1652 1251 1693 noa
1264 1637 1399 1707 permisit.
1418 1636 1516 1693 llulier
1534 1652 1598 1694 tero
1608 1639 1687 1708 plena
1702 1646 1761 1694 arte
1775 1648 1804 1693 ct

166 1729 282 1785 forsitan
298 1728 333 1785 ab
351 1728 425 1785 illius
444 1730 553 1801 ingenio
569 1744 599 1785 se
619 1729 756 1785 custudire
780 1730 890 1785 ralehit.
904 1730 960 1785 lla·
1011 1724 1158 1781 calliditate
1171 1724 1286 1796 sumpsit
1299 1725 1415 1797 lapidem
1427 1743 1507 1799 quem
1515 1728 1629 1799 projecit
1639 1728 1666 1785 iu
1678 1736 1803 1799 puteum,

165 1822 252 1895 gister
267 1835 275 1875 a
288 1818 385 1877 Audiri
397 1820 430 1875 de
442 1822 559 1890 quodam
574 1820 683 1876 lranrine
694 1820 738 1890 qui
757 1818 869 1875 ιιιιιιιιιιι
884 1819 959 1875 laho-
976 1802 1064 1873 Bhac
1078 1816 1228 1873 intentione
1247 1827 1275 1873 ut
1291 1818 1333 1873 ιιι
1345 1834 1410 1874 ιιιι
1435 1820 1527 1875 audito
1552 1831 1643 1876 sortitu
1662 1820 1759 1891 lapidis
1774 1824 1804 1876 in

165 1916 238 1971 ravit
249 1924 281 1971 ut
299 1929 376 1971 suam
389 1913 548 1983 custodiret,
561 1914 608 1971 scd
621 1914 689 1969 nihil
706 1913 816 1986 proluit.
833 1914 957 1984 Discipu-
1010 1916 1122 1979 puteum
1136 1909 1240 1965 ruentis
1251 1919 1360 1979 putaret
1377 1925 1439 1967 sese
1451 1912 1478 1965 in
1493 1921 1603 1983 puteum
1616 1910 1760 1977 eccidisse,
1775 1922 1804 1967 et

166 2006 211 2063 lus
225 2006 376 2076 magistro:
395 2005 443 2061 Dic
456 2004 523 2061 mihi
536 2006 601 2076 quid
619 2004 692 2067 lecit,
708 2013 737 2059 nt
752 2003 847 2061 ortelius
860 2004 957 2073 sciam,
1010 2002 1063 2056 hoc
1077 2008 1189 2073 peracto
1213 2002 1311 2058 mulier
1332 2012 1393 2073 post
1403 2012 1513 2074 puteum
1537 2018 1567 2059 se
1583 2004 1738 2060 abscondit.
1754 2002 1804 2059 llir

165 2100 282 2172 siquam
299 2097 495 2168 duxero,illam
509 2098 656 2153 custodire.
673 2096 820 2171 llugister:
1010 2093 1126 2166 simplex
1152 2103 1235 2164 atque
1265 2094 1404 2165 iusipiens.
1431 2095 1525 2149 audito
1549 2094 1639 2150 sonitu
1662 2094 1760 2166 lapidis
1774 2095 1804 2152 in

463 2189 599 2249 scritta
614 2190 671 2247 llll.
1010 2195 1120 2255 puteum
1144 2186 1259 2249 ruentis,
1282 2201 1345 2241 uror
1374 2186 1409 2241 de
1434 2186 1514 2241 domo
1537 2185 1692 2256 egrediens,
1717 2187 1804 2244 celeri

198 2284 433 2357 Quidemjerenis
448 2284 497 2340 luit
511 2284 655 2354 quitatum
674 2282 852 2337 intentionem
880 2296 958 2337 stram
1010 2292 1090 2332 cursu
1113 2277 1147 2332 ad
1172 2286 1282 2347 puteum
1307 2278 1390 2342 venit,
1414 2287 1513 2347 portans
1537 2290 1634 2333 rerum
1655 2278 1805 2348 essequod

163 2388 191 2435 et
214 2387 302 2435 totuur
326 2390 438 2434 sensum
457 2383 485 2431 ιι
506 2374 596 2430 adhuc
627 2381 714 2429 totum
746 2382 850 2442 ternpus
881 2385 959 2426 soum
1012 2368 1153 2426 mulierem
1180 2370 1300 2426 audisset
1327 2369 1468 2425 eccidisse.
1491 2370 1590 2425 llulirr
1615 2385 1680 2427 reru
1708 2370 1804 2426 ridens

163 2470 239 2527 misit
254 2470 289 2526 ad
310 2468 364 2525 hoc
383 2478 414 2523 ut
435 2468 518 2525 sciret
539 2465 724 2522 omnimodam
751 2472 838 2518 artern
863 2460 960 2517 mulie·
1010 2463 1110 2518 ostium
1127 2462 1223 2518 donnus
1235 2472 1370 2535 apertum,
1385 2472 1413 2519 ct
1429 2463 1577 2519 nonohlita
1591 2471 1634 2519 est
1647 2478 1704 2519 sum
1724 2461 1803 2529 artis,

164 2563 215 2629 ris,
231 2572 259 2619 et
280 2562 332 2617 hoc
356 2560 429 2617 lacto
455 2560 540 2617 roluit
564 2558 664 2615 ducere
687 2570 810 2641 uxerem.
826 2554 880 2611 Sed
903 2554 959 2625 pri·
1010 2553 1124 2609 intrarit
1147 2553 1271 2622 domum,
1290 2556 1454 2626 firmatoque
1482 2556 1555 2612 ostio
1583 2555 1706 2611 ascendit
1730 2554 1806 2611 lene·

164 2654 248 2711 mitus
281 2652 402 2724 perrexit
431 2666 554 2723 quarere
589 2646 786 2705 consiliumet
813 2646 956 2718 sapientie
1012 2643 1425 2702 stram.liieautcmvidensse
1447 2644 1803 2716 essedceepturo,inquit:

163 2759 221 2801 recu
254 2742 328 2801 illius
352 2742 470 2814 regionis
484 2741 551 2797 adiit
564 2739 714 2796 hominem.
730 2737 853 2806 Qualiter
868 2748 960 2794 eusto-
1011 2736 1144 2794 Draulier
1159 2736 1251 2804 fallax,
1264 2736 1343 2809 plena
1357 2746 1417 2793 arte
1428 2737 1546 2803 araboli,
1559 2737 1687 2808 permitte
1699 2751 1743 2792 me
1763 2736 1806 2792 in·

161 2836 221 2893 dise
250 2844 342 2908 posset
368 2850 450 2907 quam
469 2834 569 2889 ducere
598 2832 706 2888 volebat
735 2830 860 2902 quaesirit
890 2846 960 2886 uto·
1011 2838 1097 2897 trare,
1110 2836 1137 2885 et
1151 2828 1283 2899 quidquid
1307 2828 1373 2883 mihi
1391 2827 1557 2884 tortstecisti
1574 2842 1618 2883 mc
1635 2827 1806 2883 condonatu-

164 2946 232 2987 rcm.
247 2929 364 3000 Sapiens
378 2942 442 2984 vcro
456 2926 508 2983 lroc
524 2924 638 2981 audiens
653 2923 704 2979 sihi
719 2924 792 2979 dedit
814 2922 958 2979 consilium
1013 2936 1074 2977 rum
1086 2920 1136 2976 tibi
1147 2921 1239 2977 erede.
1263 2919 1299 2975 ht
1314 2920 1358 2975 illa
1373 2936 1435 2977 curu
1449 2920 1593 2989 increpans
1607 2920 1806 2991 introitumque

162 3021 233 3090 quod
250 3027 425 3077 cotrstrueret
442 3017 551 3075 domum
567 2994 630 3073 altIs
652 3014 803 3089 parietibus
828 3014 955 3086 lapideis,
1013 3013 1110 3069 dontius
1124 3002 1274 3069 ornninoet
1289 3023 1462 3070 sacramento
1483 3014 1619 3085 denegans
1639 3014 1699 3070 ait:
1720 3013 1742 3070 0
1760 3028 1806 3069 se-

162 3120 328 3182 poneretqtte
350 3110 423 3165 intus
439 3108 590 3173 mulierem,
608 3108 738 3179 daretque
763 3106 814 3161 sihi
838 3106 905 3161 satis
922 3107 956 3163 ad
1014 3106 1122 3173 ductor,
1138 3117 1213 3163 tuum
1227 3121 1288 3163 esse
1314 3114 1397 3178 atque
1421 3118 1496 3164 tuum
1518 3108 1624 3165 lacinus
1646 3106 1805 3179 parentibus

161 3204 358 3261 comedendum
371 3212 398 3259 et
410 3217 463 3259 ιιιι
476 3200 609 3272 superduc
619 3202 788 3269 indumenta,
803 3200 957 3273 laceretque
1014 3200 1069 3255 tuis
1083 3200 1238 3264 ostendam,
1253 3199 1318 3270 qnia
1331 3214 1494 3271 urnaquaque
1513 3209 1593 3256 nocte
1617 3214 1648 3256 es
1672 3198 1806 3256 sollicitus

161 3298 198 3351 ιιι
211 3294 323 3351 domum
338 3293 411 3366 quod
424 3309 477 3350 nun
500 3301 574 3349 esset
588 3294 614 3348 in
627 3306 658 3349 ea
675 3292 727 3348 nisi
742 3290 828 3349 solum
854 3292 954 3347 ostium
1013 3292 1051 3347 ita
1062 3289 1156 3346 tortior
1168 3306 1183 3345 a
1194 3306 1238 3347 me
1253 3291 1329 3347 erice
1342 3299 1371 3347 ιι
1379 3292 1538 3347 meretrices
1547 3290 1638 3356 adire;
1654 3297 1681 3345 et
1693 3290 1803 3359 itaegit.

161 3386 273 3459 solaque
284 3386 403 3445 ιιιιιιιιι
419 3400 559 3458 perquam
579 3384 693 3451 rideret,
709 3392 736 3440 et
750 3382 795 3439 tali
811 3382 953 3439 altitudine
1012 3376 1143 3436 Parentes
1163 3394 1229 3435 vero
1246 3380 1305 3436 haee
1329 3382 1471 3436 audientes
1492 3389 1575 3453 atque
1601 3395 1695 3435 rerum
1712 3380 1807 3435 cristi·

163 3492 308 3547 perquam
338 3492 418 3533 nemo
443 3478 546 3532 intrare
571 3483 663 3547 posset
679 3473 720 3531 rel
745 3474 830 3530 exire.
848 3473 960 3531 Iuvenis
1012 3484 1120 3529 mantes
1135 3473 1426 3547 inereparertrnteum,
1438 3482 1465 3529 ιι
1481 3473 1517 3529 ιιι
1529 3472 1678 3529 mulieriila
1689 3470 1806 3530 itteram

162 3583 238 3635 nero,
257 3568 352 3625 audita
376 3568 489 3625 eorrsilio
511 3568 662 3637 sapientis,
689 3566 769 3621 sicuti
795 3565 819 3621 ιι
840 3565 961 3636 jusserat
1012 3573 1072 3619 arte
1089 3580 1137 3619 sua
1152 3563 1283 3637 flagitium
1294 3566 1366 3637 quod
1380 3576 1518 3623 meruerat
1530 3567 1558 3621 ιιι
1573 3568 1660 3621 airum
1676 3566 1806 3631 detrusit,
1864 3586 1875 3608 -·

162 3660 228 3731 egit.
241 3659 321 3715 llam
335 3672 399 3715 tero
412 3674 473 3716 eum
484 3658 593 3731 juvenis
605 3658 697 3713 exibat
708 3658 742 3714 de
755 3658 847 3723 domo,
859 3658 958 3713 ostium

164 3750 290 3807 armabat
299 3758 329 3805 et
345 3748 469 3807 similiter
481 3750 589 3821 quando
603 3749 730 3806 intrabat.
743 3748 857 3815 Quando
869 3756 960 3803 autem

163 3840 329 3909 dormiebat,
346 3841 396 3897 suh
411 3841 499 3912 capite
511 3854 561 3895 suo
576 3838 677 3895 clavem
693 3839 884 3895 abscondebat.
903 3839 959 3895 ltoc

166 3942 257 3988 autem
273 3932 354 4007 longo
374 3942 496 4005 tempure
515 3932 579 4005 egit.
597 3932 718 4000 Quadam
740 3946 804 3987 reru
830 3932 872 3987 die
895 3930 959 3986 dum

160 4024 270 4096 juvenis
284 4026 337 4083 iret
353 4026 387 4080 ad
398 4024 499 4093 lorum,
512 4024 619 4094 mulier,
634 4034 663 4080 ut
687 4034 746 4081 erat
766 4024 844 4079 solita
860 4023 958 4089 lacere,

163 4116 448 4175 ascenditieucstram
462 4124 489 4173 et
517 4125 613 4174 euntes
634 4126 661 4173 et
688 4116 832 4171 redeuntes
857 4114 960 4171 intente

163 4211 284 4281 aspexit.
300 4210 356 4267 llas
369 4226 422 4266 uria
446 4210 489 4267 die
503 4227 564 4268 cum
579 4212 613 4267 ad
627 4210 772 4267 fenestram
783 4218 878 4277 staret,
893 4209 959 4265 uidit

164 4307 313 4377 quendam
325 4306 452 4378 juvenem
469 4306 618 4363 formosum
644 4322 757 4376 corpore
782 4315 863 4376 atquc
877 4306 956 4369 lucio.

161 4412 219 4468 quo
232 4397 291 4455 riso
301 4398 393 4453 statim
403 4398 474 4455 illius
486 4414 578 4455 atnore
587 4414 717 4453 succensa
732 4396 792 4463 luit,
804 4405 867 4453 etut
878 4412 959 4469 supra

1012 3664 1056 3720 cui
1068 3662 1247 3735 nibilproluit
1267 3664 1351 3719 immo
1369 3662 1447 3720 alluit
1477 3664 1617 3719 nrrrlierern
1641 3662 1805 3719 custodisse.

1012 3752 1080 3809 llam
1093 3755 1146 3810 iste
1159 3754 1243 3810 ctiam
1257 3754 1358 3810 accidit
1374 3753 1499 3811 cumulus
1515 3754 1632 3811 anserice
1646 3760 1718 3824 quod
1732 3754 1806 3809 exis·

1013 3846 1155 3903 tioratione
1184 3847 1365 3919 plurimorum
1393 3851 1465 3919 quod
1488 3849 1646 3919 patiebatur
1672 3848 1807 3905 meruIsse

1011 3940 1179 4005 crederetur,
1192 3938 1263 3994 urrde
1271 3937 1380 4009 quidem
1393 3938 1471 3995 benis
1482 3939 1687 4010 quampluribus
1698 3940 1803 4011 pabor,

1012 4031 1188 4103 dignitatibus
1200 4042 1308 4098 exutus,
1321 4030 1525 4087 calstirnatione
1536 4030 1652 4088 Ioedatus
1665 4032 1699 4086 ob
1712 4033 1806 4087 uxoris

1013 4124 1212 4195 maliloquium,
1231 4125 1351 4181 Incestus
1373 4124 1435 4179 tulit
1453 4124 1623 4195 supplicium.

1047 4212 1322 4285 DIscipnlus·Nettto
1347 4226 1389 4272 est
1415 4215 1462 4287 qul
1491 4217 1526 4271 ab
1549 4216 1658 4288 ingenio
1683 4215 1807 4271 mulieris

1010 4305 1149 4360 custodire
1166 4318 1196 4361 ιι
1209 4306 1304 4375 possit,
1325 4306 1377 4361 nisi
1397 4322 1478 4376 qucm
1497 4305 1568 4361 Deus
1591 4306 1764 4372 custodierit,
1778 4314 1807 4360 ιι

1012 4395 1147 4453 benetalis
1166 4398 1290 4453 narratio
1316 4412 1349 4453 ne
1376 4398 1472 4453 ducam
1499 4412 1612 4454 uxorem
1643 4414 1739 4471 magna
1764 4406 1807 4454 est

161 4490 267 4546 dictum
282 4498 334 4559 est,
348 4492 481 4546 custodita
498 4491 580 4561 coepit
595 4490 714 4561 cogitare
722 4489 857 4560 quonrodo
868 4500 897 4545 et
908 4504 960 4559 qua
976 4487 1001 4547 D
1015 4488 1179 4544 dehortatio.
1200 4486 1347 4559 llagistcr:
1361 4487 1420 4543 lion
1448 4488 1531 4545 debes
1559 4503 1655 4544 ornncs
1677 4488 1805 4543 mulieres

161 4590 223 4637 arte
236 4588 331 4652 posset
346 4580 418 4651 toqui
429 4598 491 4639 cum
502 4582 630 4637 adamato
640 4579 751 4649 jurene.
765 4582 800 4635 itt
810 4596 867 4649 ipsa
882 4582 961 4652 plena

163 4670 276 4741 Ingenio
287 4685 320 4727 ac
330 4669 482 4727 dolositatis
498 4680 558 4726 arte
571 4671 703 4743 cogitarit
716 4670 787 4742 qood
803 4670 893 4727 clares
914 4670 961 4727 do·

162 4764 233 4820 ιιιιιιι
245 4766 287 4821 sai
309 4764 448 4820 intraretur
462 4764 525 4821 darm
543 4765 685 4831 dormiret,
700 4774 728 4820 et
752 4764 788 4821 ita
809 4768 876 4837 egit.
899 4767 962 4824 ilrec

162 4870 231 4911 vero
245 4866 354 4913 assueta
367 4866 428 4913 erat
439 4856 579 4913 dominnm
597 4872 675 4913 suum
692 4872 852 4931 utraquaque
882 4870 960 4917 tracte

162 4946 307 5003 inebriare
322 4948 386 5005 rino
401 4957 431 5003 ut
446 4946 569 5003 securius
585 4948 618 5003 ad
640 4948 757 5003 astricum
780 4964 858 5005 suurn
872 4960 964 5020 posset

161 5040 244 5097 exire
258 5050 286 5096 et
308 5056 385 5097 suam
410 5040 579 5097 voluntatum
603 5038 723 5111 capiere.
755 5040 885 5098 Dominus
897 5058 962 5099 roro

159 5131 239 5189 illius
256 5132 449 5203 philosophicis
474 5130 532 5202 ianr
557 5132 670 5187 edoctus
686 5132 797 5189 monitis
811 5131 871 5189 sine
900 5134 962 5191 doio

157 5224 257 5281 mullos
267 5241 329 5281 esse
343 5226 491 5281 muliebres
503 5234 589 5291 aetus,
606 5227 689 5294 coepit
702 5224 822 5296 cogitare
837 5226 902 5297 quid
914 5242 962 5283 sua

154 5317 266 5388 curtius
285 5327 404 5374 strueret
431 5316 563 5389 ircqncnti
590 5325 619 5372 et
643 5315 779 5373 cotidiana
804 5317 961 5387 potatione,

156 5412 241 5481 quod
253 5411 342 5467 utsuh
355 5409 465 5467 occulto
476 5422 589 5480 poneret
616 5426 645 5465 ιι
668 5408 747 5464 brixii
765 5409 872 5465 ebrium
889 5426 960 5467 esse.

152 5500 250 5569 cajus
267 5503 305 5558 ιιι
317 5502 416 5559 mulier
435 5501 519 5557 inscia
535 5502 568 5557 de
581 5501 651 5557 lecto
675 5511 755 5557 nocte
783 5516 962 5570 consurgens,

152 5595 287 5668 perrexit
301 5596 336 5653 ud
347 5598 450 5653 ostium
464 5595 571 5662 doinus,
581 5604 609 5651 et
626 5604 720 5665 aperto
742 5594 825 5651 exirit
840 5594 873 5647 ad
894 5593 959 5647 anri·

150 5703 237 5747 cum.
267 5686 313 5745 l'ir
336 5696 432 5743 autent
464 5700 529 5741 suus
552 5688 578 5741 in
599 5685 708 5742 silentio
731 5684 818 5739 trectis
844 5684 963 5739 suariter

194 5802 332 5877 (illCap.
343 5816 424 5867 mr,
439 5799 531 5853 itt-st.
562 5838 609 5855 ...
625 5840 631 5855 .
645 5807 737 5863 mni
752 5810 788 5859 tn
799 5782 933 5861 Βιπτιιιι

1014 4580 1127 4635 credere
1141 4578 1208 4635 tales
1231 4594 1302 4645 csse,
1325 4581 1456 4651 qnoniam
1481 4597 1579 4654 magna
1602 4582 1710 4639 bouitas
1724 4592 1807 4653 atqrte

1014 4672 1127 4726 castitas
1146 4672 1172 4725 in
1194 4672 1287 4727 multis
1300 4674 1455 4743 repperitur
1467 4675 1636 4741 mulieribus,
1649 4684 1678 4729 et
1691 4676 1763 4730 scias
1778 4674 1807 4729 in

1013 4762 1086 4817 horna
1105 4762 1220 4818 muliere
1244 4764 1342 4818 honam
1369 4766 1528 4821 societatem
1555 4766 1686 4837 repperiri
1714 4779 1805 4835 posse.

1013 4856 1088 4914 Dorta
1104 4855 1202 4911 mulier
1214 4854 1302 4912 tidelis
1316 4866 1409 4913 custos
1422 4867 1465 4913 ιιι
1477 4868 1506 4913 ιι
1522 4860 1593 4913 hona
1605 4859 1713 4914 domus.
1726 4856 1806 4913 Salo-

1014 4962 1077 5003 nron
1094 4948 1119 5001 in
1136 4948 1189 5002 lrrte
1202 4947 1264 5004 libri
1282 4948 1491 5005 l‘rorerhiorum
1507 4950 1724 5023 suorumrIginti
1737 4948 1807 5005 duros

1013 5055 1109 5096 sersus
1119 5040 1153 5095 de
1168 5038 1248 5098 laude
1263 5052 1344 5113 atque
1359 5041 1480 5098 bonitate
1493 5043 1616 5099 mulieris
1639 5044 1717 5099 bona
1731 5057 1816 5123 eom·¹

1013 5136 1102 5203 posuit
1111 5134 1179 5207 (Di).
1188 5134 1340 5206 Discipulos
1355 5136 1389 5191 ad
1402 5137 1461 5191 hece
1472 5154 1480 5189 ε
1491 5136 1565 5192 Denc
1576 5151 1619 5191 me
1632 5136 1805 5203 confortasti,

1013 5227 1060 5282 sed
1073 5229 1172 5285 audisti
1184 5237 1275 5284 tamen
1290 5229 1409 5301 aliquam
1425 5233 1566 5288 mulierem
1580 5246 1640 5303 qnae
1654 5232 1696 5285 sui
1710 5244 1807 5286 scostts

1014 5317 1154 5389 ingenium
1171 5319 1305 5374 niteretur
1325 5320 1353 5374 iu
1372 5320 1474 5378 ιιιιιιιιι
1504 5321 1631 5377 mittere?
1655 5319 1803 5391 blagister:

1014 5410 1124 5466 Audiri.
1139 5410 1293 5481 Discipulos
1311 5431 1318 5465 :
1332 5412 1416 5467 licler
1428 5414 1495 5470 milri
1511 5416 1544 5469 de
1556 5415 1613 5477 illa,
1623 5411 1685 5480 quia
1699 5410 1806 5465 ridetur

1014 5504 1080 5559 ntilri
1093 5518 1136 5561 res
1154 5520 1233 5559 nura.
1249 5505 1395 5577 Magister:

1295 5597 1433 5655 stubba
1452 5596 1519 5652 xiii.

1049 5689 1155 5743 Dictum
1168 5686 1220 5743 luit
1233 5688 1299 5745 mihi
1312 5691 1383 5760 quod
1407 5688 1515 5758 quidam
1540 5684 1671 5754 llispanns
1684 5680 1806 5750 perrexit
