4017 6342
270 325 346 388 ltct'
662 321 692 378 S.
712 318 863 377 nocenti
884 318 964 377 ΟΜ).
985 315 1143 376 cistelle.
1165 313 1385 375 ruduntoltts
1409 313 1496 373 tlte.

266 445 384 501 muliere
394 457 457 514 qua
466 438 612 498 tremorem
627 436 724 506 capitis
735 445 762 492 ct
772 435 877 491 bracbii
888 435 1052 505 patiebatur,
1068 439 1091 494 Α
1105 447 1187 503 quam
1201 432 1316 497 dubitat,
1331 433 1419 502 ipsum
1434 442 1589 490 sauctorum
1604 433 1731 506 catalogo
1750 434 1893 493 miraculis

263 529 342 593 idem
354 534 432 606 'quod
446 533 530 588 abbas
543 538 571 587 et
586 527 643 584 alii.
669 526 885 584 Bartholomaeus
901 527 1054 585 monachus
1105 533 1286 594 coaequatum.
1299 523 1433 580 Ceterum
1444 524 1497 580 uita
1512 525 1598 596 ipsius
1623 525 1765 581 sanctitati
1783 537 1891 596 sesua,

260 625 296 684 e't
308 626 449 698 presbyter
459 623 569 694 juratus
585 620 664 686 dixit,
678 617 713 674 de
727 617 834 674 duobus
854 617 994 673 miraculis
1011 615 1054 674 la·
1104 627 1153 683 per
1179 615 1290 672 nuntios
1307 611 1435 671 Ecclesiae
1448 609 1655 685 ,belismensis
1675 615 1836 689 porrigetur
1866 622 1891 676 in

256 718 320 775 ctis
344 717 372 771 in
386 713 559 770 dedicatione
573 710 728 766 et'muliere
750 721 879 780 percussa
905 707 934 763 ia
958 723 1053 774 manu,
1105 704 1305 775 scriptisque
1326 705 1394 760 satis
1416 705 1535 760 ostendit
1556 704 1646 776 ipsum
1670 706 1769 762 multis
1789 711 1892 768 meritis

264 809 338 867 idem
348 807 422 878 quod
434 805 492 861 alii,
1104 794 1245 850 claruisse.
1260 795 1366 866 Atque
1378 793 1740 866 audivimus-,cumcuma
1753 797 1891 872 diligentia
1990 793 1991 798 ’

301 898 347 953 28.
371 914 380 949 e
397 895 475 966 llugo
489 895 631 966 presbyter
642 901 670 948 et
685 891 839 947 monachus
849 892 959 962 juratus
971 888 1052 958 dixit,
1104 883 1219 940 lldelitcr
1240 885 1419 957 inquirentes,
1433 887 1596 944 beatitudini
1615 898 1714 945 restrae
1727 895 1890 964 perscripta

264 988 339 1060 quod
353 987 421 1045 sidit
432 987 578 1058 quemdam
602 985 690 1042 ciuem
702 983 850 1040 lleteuscm
868 998 981 1048 cecum,
1007 997 1054 1038 re-
1104 975 1247 1047 praesentis
1265 977 1448 1045 declaramus,
1466 987 1496 1034 ut
1514 989 1605 1035 vestra
1626 989 1720 1038 sancta
1740 985 1891 1052 paternitas

265 1082 385 1138 nicalem
398 1095 482 1136 causa
493 1078 647 1135 devotionis
660 1086 687 1132 et
701 1091 749 1146 spe
775 1075 954 1146 recuperandi
975 1076 1053 1132 risus
1103 1067 1204 1134 videat,
1223 1067 1288 1139 quid
1303 1069 1403 1126 talibus
1419 1071 1456 1126 sit
1469 1071 1614 1141 agendum.
1632 1091 1642 1123 r

265 1173 300 1228 ad
312 1187 383 1243 saepe
406 1172 509 1228 dictum
530 1169 710 1241 sepulcrum:
735 1168 782 1239 qui
794 1167 907 1222 veniens
926 1167 962 1223 ud
986 1166 1053 1220 illud
1138 1158 1183 1212 3⁰.
1204 1156 1340 1215 Hactenus
1355 1160 1453 1218 littera
1465 1163 1656 1233 episcoporum
1669 1164 1704 1221 ad
1719 1169 1887 1236 pontiliccm.

265 1263 356 1321 risum
368 1261 540 1331 recuperauit
552 1267 580 1314 ct
601 1259 669 1314 vidit
683 1272 842 1329 squammas
855 1256 891 1312 ab
907 1255 967 1326 ejus
987 1269 1053 1311 ocu-
1103 1259 1131 1306 et
1140 1266 1254 1308 examen
1268 1251 1301 1306 dc
1316 1251 1345 1308 S.
1359 1251 1473 1309 liuberti
1487 1256 1632 1312 sanctitate
1646 1272 1678 1313 ac
1692 1261 1844 1331 miraculis,
1856 1265 1887 1321 de*

264 1356 300 1412 lis
314 1354 458 1410 visibiliter
471 1352 630 1408 defluentes.
644 1350 698 1416 Qui
713 1350 794 1404 citius
808 1348 872 1403 inde
885 1348 920 1402 ad
931 1345 959 1402 S.
972 1346 1053 1402 laco-
1103 1344 1204 1414 quibus
1216 1352 1244 1398 et
1257 1345 1441 1402 testimonium
1454 1362 1534 1402 suum
1547 1349 1639 1418 plures
1652 1350 1680 1406 in
1694 1353 1795 1410 vicinia
1806 1358 1887 1414 abba.

264 1449 330 1505 bum
345 1443 748 1516 proticiscens,bospitatusest
762 1439 909 1504 initinerc,
928 1439 955 1492 in
970 1439 1053 1496 domo
1103 1442 1144 1490 tes
1157 1435 1192 1490 ad
1205 1433 1355 1492 Honorium
1370 1439 1593 1508 perscripserunt
1604 1441 1647 1498 bis
1659 1445 1761 1500 verbis.
1792 1448 1885 1506 «ssu.

265 1538 390 1594 mulierls
403 1534 557 1604 cujusdam,
569 1546 632 1602 quae
644 1539 784 1586 contracta
795 1530 904 1598 iaccbat
918 1530 946 1584 iu
956 1531 1028 1586 lecto
1044 1547 1050 1584 :
1103 1527 1226 1584 ctissime
1238 1529 1311 1585 Patri
1320 1539 1348 1586 et
1360 1530 1471 1590 domiuo
1483 1533 1634 1590 universali
1653 1533 1779 1606 lionorio,
1794 1541 1882 1598 dirius

264 1629 315 1686 ted
329 1629 364 1684 ad
375 1625 522 1684 consilium
532 1623 607 1678 illius
620 1622 654 1677 ad
667 1621 824 1692 sepulcrum
848 1621 1052 1691 sanctisepor·
1102 1619 1273 1689 prouidentia
1285 1629 1387 1676 sancta
1397 1621 1470 1678 sedis
1481 1619 1640 1706 apostolieae
1653 1629 1776 1698 pontifici,
1790 1631 1880 1690 suto
1991 1637 1992 1658 l

264 1723 318 1778 tari
330 1720 446 1784 iaciens,
457 1720 553 1772 sao'ata
564 1723 616 1770 est.
630 1711 694 1768 ttae
709 1722 751 1768 est
765 1722 857 1768 autem
879 1714 935 1779 illa,
950 1713 1050 1782 deque
1102 1709 1177 1781 uigni
1207 1709 1389 1780 Divionensis,
1424 1723 1452 1771 et
1483 1713 1512 1770 S.
1548 1709 1679 1786 Stephani
1711 1715 1876 1788 llbemeuxis,

264 1814 392 1886 superius
403 1809 525 1880 loquitur
544 1805 663 1862 lacobus
687 1805 841 1862 nrorraclrus
863 1814 892 1861 et
910 1807 1049 1874 sacerdos,
1066 1773 1088 1830 B
1103 1799 1132 1856 S.
1148 1801 1290 1860 blichaelis
1303 1803 1531 1875 Turnodorensis,
1547 1816 1575 1864 et
1598 1808 1627 1865 S.
1653 1809 1764 1868 llartini
1782 1813 1882 1873 llelun.

264 1903 440 1978 quiiaeobus
453 1900 581 1956 conuenit
600 1912 663 1953 cum
684 1896 807 1970 llugoue,
824 1897 872 1953 sed
887 1897 921 1952 de
944 1899 1049 1954 auditu.
1101 1893 1195 1951 densis
1205 1895 1327 1963 abbates,
1339 1895 1522 1968 lingonensis
1538 1900 1677 1969 dieseos.
1702 1921 1766 1961 cura
1789 1907 1883 1978 pedum

264 1994 426 2054 Guillelmus
437 1990 599 2063 {monachus
622 1997 651 2044 et
670 1989 812 2060 presbyter
835 1989 944 2059 juratus
970 1990 1049 2060 dixit,
1101 1985 1196 2042 osculo
1219 1988 1335 2044 salutem
1361 1995 1389 2044 et
1412 1989 1508 2045 debita
1531 1995 1692 2051 reverentiae
1713 1995 1882 2056 famulatum.

262 2085 415 2159 quodsidtt
435 2081 581 2155 quemdam
592 2080 734 2148 clericum,
756 2079 805 2150 qui
826 2079 908 2152 longo
929 2088 1051 2152 temporo
1100 2074 1169 2130 Cum
1186 2075 1368 2136 blolismensis
1380 2075 1512 2147 Ecclesia,
1528 2090 1556 2136 et
1572 2083 1625 2140 illm
1641 2086 1770 2143 ecclesiae
1782 2089 1810 2142 in
1828 2091 1884 2160 qui-

262 2188 421 2240 oontmctus
437 2175 537 2240 luerat,
561 2174 594 2228 ad
607 2173 678 2228 idem
691 2171 846 2242 sepulcrum
871 2173 985 2229 sanari:
1012 2183 1048 2239 et,
1100 2167 1152 2226 bus
1175 2169 1308 2226 babemus
1328 2171 1494 2240 ministrare,
1518 2175 1648 2243 proxime
1663 2178 1722 2234 siut
1746 2181 1801 2236 sibi
1819 2183 1885 2238 inri-

262 2273 297 2330 de
312 2273 420 2329 duabus
440 2267 602 2324 mulieribus
626 2265 654 2320 in
676 2263 857 2332 dedicatione,
879 2266 950 2322 idem
975 2269 1049 2338 quod
1100 2277 1172 2326 cem,
1187 2271 1215 2318 et
1229 2263 1297 2318 adeo
1308 2263 1414 2332 vicium,
1428 2273 1457 2320 ut
1468 2265 1513 2320 vix
1523 2277 1570 2321 aut
1585 2268 1743 2328 nullatenus
1755 2273 1783 2328 iu
1799 2275 1885 2348 aliqua

262 2367 320 2422 alli.
336 2364 474 2420 licelinus
486 2361 638 2416 monachos
658 2367 686 2414 et
696 2357 837 2430 presbyter
845 2360 954 2429 juratus
970 2362 1048 2427 dixit,
1100 2371 1195 2411 carum
1216 2354 1319 2426 aliquid
1337 2370 1466 2428 magnum
1493 2359 1642 2432 contingat,
1664 2366 1741 2434 quod
1765 2368 1800 2423 ad
1822 2369 1886 2426 alias

262 2459 297 2516 de
323 2457 432 2514 duobus
458 2451 597 2508 miraculis
621 2451 650 2505 in
675 2450 854 2517 dedicatione,
881 2451 952 2507 idem
974 2453 1050 2522 quod
1100 2445 1172 2502 lama
1190 2447 1268 2502 velox
1283 2448 1337 2503 cito
1351 2449 1536 2519 nondelcrat;
1553 2453 1684 2511 desaucti
1699 2457 1884 2519 Patrlsnosm

261 2551 319 2608 alii.
333 2547 467 2603 llartinus
477 2545 586 2615 juratus
597 2540 675 2609 dixit,
700 2541 734 2598 de
756 2542 896 2599 miraculis
918 2542 999 2599 lactis
1020 2545 1048 2600 in
1102 2539 1223 2603 lloberti,
1246 2539 1429 2598 llolismensis
1453 2541 1581 2600 Ecclesiae
1609 2547 1693 2618 primi
1716 2551 1835 2622 abbatis,
1860 2568 1886 2613 et

260 2639 442 2706 dedicatione,
470 2643 498 2691 et
524 2634 559 2690 dc
579 2633 694 2688 muliere
719 2648 781 2704 qua
804 2645 899 2692 sauata
920 2635 1048 2692 lucrata
1099 2630 1292 2688 cisurcicnsis
1317 2631 1422 2686 ordinis
1446 2632 1611 2702 fundatoris,
1637 2637 1706 2707 vita,
1732 2657 1794 2713 quae
1808 2640 1884 2703 imm.
1992 2679 1993 2712 ,

261 2734 373 2800 {cesione
384 2744 494 2795 manus,
513 2726 584 2781 idem
606 2724 679 2796 quod
691 2723 748 2780 alii.
771 2723 878 2798 llaymo
896 2728 1049 2784 monachus
1100 2721 1183 2776 moris
1196 2717 1672 2801 verior-andavirtutibusedulsit;1et
1686 2731 1721 2789 de
1737 2729 1881 2809 miraculis,
1992 2791 1993 2796 ,

260 2836 289 2882 ct
316 2823 445 2881 sacerdos
467 2821 576 2892 juratus
600 2819 681 2886 dixit,
715 2819 787 2890 quod
810 2820 879 2877 ridit
902 2821 1048 2892 quemdam
1099 2828 1160 2883 quse
1173 2812 1294 2882 quotidie
1307 2813 1342 2868 ad
1359 2816 1515 2885 sepulcrum
1534 2819 1633 2890 ipsius,
1650 2823 1745 2881 diuina
1758 2843 1881 2899 operante
1992 2849 1993 2862 ¹

260 2915 397 2973 furiosum
412 2912 449 2969 ibi
462 2907 701 2981 sanari.llagister
712 2910 808 2968 Simon
819 2913 961 2985 presbyter
971 2913 1049 2983 jura·
1099 2905 1254 2970 clementia,
1283 2906 1363 2975 liunt,
1398 2907 1512 2980 dignum
1543 2911 1674 2971 duximus
1702 2917 1731 2973 in
1759 2927 1881 2992 pragensi

260 3017 306 3064 tus
318 3007 397 3072 dixit,
414 3004 449 3061 de
467 3001 608 3060 miraculis
626 3001 707 3060 lactis
721 3003 750 3060 in
771 3003 954 3072 dedicatione,
975 3004 1048 3060 idem
1100 2996 1215 3051 articulo
1238 2998 1345 3082 veritati
1372 2992 1559 3059 testimonium
1574 3007 1728 3076 perhihm,
1744 3010 1810 3068 pem
1834 3017 1878 3071 jn,
1992 3039 1993 3047 ,

259 3100 333 3172 quod
347 3100 410 3166 alii;
424 3098 567 3170 adjiciens,
580 3101 656 3169 quod
674 3098 786 3169 quidam
798 3097 885 3154 laicus
897 3098 969 3167 apud
989 3097 1082 3164 lle-c
1099 3098 1239 3144 cessantcr
1262 3089 1347 3146 totius
1370 3093 1490 3162 regionis
1511 3083 1634 3166 ejusdem
1652 3103 1740 3172 populi
1752 3109 1800 3160 ror
1815 3107 1871 3163 012.

258 3192 370 3249 lismum
395 3192 512 3248 illudens
534 3191 662 3248 convitiis
678 3189 859 3247 uenerabilem
881 3189 1001 3259 Patrem,
1023 3201 1049 3246 et
1100 3191 1157 3237 mat
1177 3180 1205 3236 1¹¹
1231 3180 1344 3237 tutibus
1368 3184 1479 3249 ¹¹⁰⁵lii⁵=
1498 3189 1571 3256 quod
1596 3185 1877 3254 multitudomulma

259 3282 320 3353 olus
332 3281 464 3337 miracula
476 3280 605 3347 irridens,
619 3281 682 3336 lude
696 3279 836 3347 recedens,
864 3281 989 3350 sequenti
1004 3281 1048 3336 die
1099 3281 1320 3339 contractorum,
1356 3287 1511 3344 morum,
1544 3289 1682 3336 mutorum
1712 3292 1740 3341 ot
1766 3287 1879 3346 aliorum

259 3376 332 3432 inira
344 3375 545 3446 linesejusdem
559 3374 631 3429 uillae
642 3389 657 3427 a
669 3373 776 3430 duobus
796 3373 929 3428 militibus
941 3381 984 3428 est
1001 3388 1048 3428 oc-
1098 3365 1182 3420 vaiiis
1201 3364 1379 3436 languoribus
1401 3368 1583 3439 detentorum,
1603 3375 1727 3443 quotidie
1742 3377 1775 3433 ad
1791 3385 1881 3451 sepul-

256 3469 342 3526 cisus.
369 3465 429 3522 lloc
453 3466 535 3521 clim
559 3465 628 3521 dixit
651 3464 770 3521 lacobus
793 3464 950 3521 sevidisse.
974 3465 1048 3522 Vidit
1098 3458 1250 3514 crumdicti
1267 3459 1354 3514 sancti
1368 3459 1397 3514 in
1421 3461 1536 3518 ecclesia
1552 3463 1723 3525 llolismensi
1747 3473 1882 3530 conduen-
1993 3511 1994 3518 ,

256 3569 389 3632 preterea
411 3560 558 3629 quemdam
577 3557 689 3623 laicum,
716 3557 763 3628 qni
788 3556 1047 3616 contractusluerat
1099 3553 1177 3617 tium,
1203 3550 1273 3608 lacta
1296 3553 1421 3609 oratione
1441 3561 1469 3609 et
1494 3557 1581 3612 sancti
1609 3561 1724 3616 nornine
1750 3563 1883 3634 invocato,
1993 3569 1994 3582 ,

257 3667 306 3724 W
328 3649 457 3706 undecim
480 3663 577 3717 annos,
605 3647 640 3702 gg
662 3662 735 3719 ,aepg
761 3648 863 3704 dicrum
889 3651 1046 3720 &pulcrum
1097 3645 1210 3716 pristina
1221 3645 1338 3702 sanitate
1351 3654 1469 3715 recepta,
1483 3647 1628 3705 incolumis
1639 3651 1750 3708 videtur
1761 3671 1884 3714 remeare

255 3745 362 3801 sanari.
1096 3738 1130 3794 ad
1141 3737 1261 3809 propria.
1277 3737 1341 3795 lnde
1354 3746 1404 3805 est,
1418 3737 1490 3810 quod
1506 3739 1592 3810 ipsius
1611 3745 1702 3799 sanmi
1724 3745 1883 3805 inflammari

291 3833 337 3890 so.
362 3832 473 3890 ‹Fulco
491 3843 515 3890 et
540 3833 668 3901 lacobus,
689 3833 816 3892 monachi
829 3844 856 3892 et
877 3837 1044 3905 sacerdotes,
1096 3831 1247 3899 miraculis,
1262 3832 1442 3888 sanctissimae
1454 3833 1609 3903 paternitati
1624 3843 1735 3902 restrae,
1752 3839 1779 3894 in
1797 3857 1881 3911 quan-

255 3925 338 3998 lurati
352 3926 575 3996 dixerunt,quod
593 3927 783 3997 cumquadam
799 3927 948 3984 dicesserit
966 3928 1044 3999 juxta
1096 3929 1153 3977 tum
1178 3937 1335 3991 possumus,
1357 3921 1496 3978 humiliter
1510 3931 1538 3979 et
1563 3924 1660 3981 derote
1687 3931 1879 4000 supplicamus,

255 4019 393 4075 tumulum
407 4018 605 4088 saepedictum,
627 4026 654 4074 et
677 4017 737 4073 viro
755 4028 850 4076 sanem
864 4022 1044 4076 reverentiam
1095 4019 1230 4084 quatenus
1249 4027 1320 4084 saepe
1338 4011 1441 4069 dictum
1470 4013 1499 4068 S.
1521 4013 1684 4085 liebertum,
1707 4029 1788 4090 quern¹
1809 4023 1879 4080 Deus

139 4129 145 4140 ·
255 4111 416 4180 exhiberent
436 4110 525 4180 capita
551 4108 724 4177 inclinando;
751 4111 862 4181 quidam
891 4113 1044 4169 monachus
1095 4103 1278 4160 interelectos
1295 4119 1360 4160 suos
1376 4105 1584 4162 coruscantibus
1601 4108 1708 4167 moritis
1730 4121 1779 4182 per
1799 4115 1879 4170 mira-

256 4203 344 4260 astitit
357 4214 420 4259 cum
428 4202 546 4268 eisdem,
556 4203 585 4256 in
600 4202 660 4256 baec
676 4201 759 4257 verba
777 4202 843 4272 ipsis
864 4205 1044 4274 presentibus
1095 4196 1156 4252 0⁰¹³
1171 4195 1286 4251 mirifice
1299 4195 1486 4268 mltllffifflll
1497 4198 1524 4253 5¹¹
1538 4199 1663 4268 partibus
1674 4203 1787 4270 1¹⁰Slit'22
1801 4221 1881 4260 ΗΜ

256 4304 285 4352 et
324 4293 497 4350 audientibus
532 4293 731 4350 contumeliose
757 4310 938 4367 prorumpens
965 4314 972 4349 ε
1010 4297 1045 4352 lla
1095 4287 1182 4344 nizari
1201 4298 1228 4344 et
1244 4297 1400 4346 sanctorum
1416 4289 1878 4364 catalogoaggregarideoermtis.r

253 4386 319 4443 cata
331 4387 355 4440 ei
366 4387 456 4456 capito
467 4384 624 4439 inclinatis?
634 4383 732 4441 Sciatis
742 4401 789 4456 pro
798 4395 884 4454 certo,
898 4387 968 4458 qood
978 4405 1043 4442 aaa·
1095 4378 1132 4434 llil
1150 4377 1270 4435 abbates.

255 4495 337 4550 qoem
362 4485 468 4532 sanetas
488 4469 551 4547 [ait.
577 4475 634 4532 lma
650 4478 762 4548 quidam
779 4480 898 4535 rusticus
926 4441 1080 4538 multumD
1129 4471 1173 4525 3¹·
1195 4469 1331 4526 ¹¹⁰¹i⁰iillss
1345 4471 1389 4527 his
1409 4472 1506 4529 Ῑῑῑῑθῐῑῦ
1530 4481 1612 4546 illue
1632 4481 1790 4537 memoratis
1804 4483 1883 4538 testi·

255 4569 398 4636 dammis,
415 4567 571 4638 sepulcrum
588 4567 656 4638 pede
674 4570 840 4638 percutiens,
856 4571 955 4626 similia
977 4588 1042 4642 pro.
1095 4562 1196 4619 moniis
1207 4561 1342 4632 perlectis,
1364 4578 1427 4618 cuna
1442 4563 1476 4619 ad
1502 4565 1685 4624 universalem
1707 4571 1808 4628 cultum
1834 4589 1883 4644 per

255 4660 515 4720 clamabat2statim
528 4666 618 4714 autem
632 4668 723 4714 tumor
734 4661 848 4731 arripuit
859 4661 956 4732 pedem
966 4662 1042 4717 illum
1095 4664 1179 4711 lolam
1200 4653 1350 4710 Ecclesiam
1372 4655 1401 4711 S·
1434 4655 1554 4714 Roberlo
1574 4661 1793 4731 decernendum,
1817 4679 1884 4719 san-

256 4771 305 4828 per
324 4763 412 4811 totum
438 4769 538 4825 corpus
566 4753 756 4808 uniuersaliter
792 4753 978 4822 ascendendo;
1005 4755 1042 4810 ita
1094 4757 1221 4820 ctumque
1230 4763 1291 4804 cunr
1303 4750 1535 4818 pronuntiandum
1547 4752 1670 4823 quaedam
1682 4754 1883 4812 aliadesidera·

255 4847 330 4917 quod
341 4845 411 4902 iulra
422 4845 589 4916 quindenam
605 4845 650 4900 illa
665 4844 821 4901 infirmitate
842 4855 971 4918 gravatus
987 4847 1043 4918 spi·
1093 4853 1152 4912 rct;
1177 4852 1338 4915 potestatem
1361 4843 1470 4898 interim
1489 4843 1552 4899 lecit
1574 4843 1797 4906 llolismensibus
1817 4863 1882 4906 euru

255 4941 340 4995 ritum
355 4938 501 4994 exhalarit.
525 4937 564 4991 lle
587 4936 699 4992 furiosis
714 4944 742 4992 et
755 4936 973 4993 febricitantibus
994 4953 1040 4992 sa·
1095 4935 1251 5003 venerandi,
1265 4943 1347 5006 atquc
1361 4933 1479 4989 odicium
1503 4935 1538 4990 de
1555 4934 1601 4990 illo
1620 4935 1785 5008 celebrandi,
1805 4939 1880 4994 insa

254 5031 329 5090 natis
339 5030 445 5086 indulta
457 5029 603 5084 multitudo
615 5029 751 5084 clamabat
762 5043 855 5085 coram
870 5029 960 5096 nobis,
973 5039 1041 5084 etse
1095 5033 1198 5082 tantum
1215 5026 1339 5090 ccclesia,
1349 5025 1377 5080 in
1388 5041 1441 5097 qua
1456 5040 1534 5082 sacra
1545 5027 1604 5097 ejus
1620 5043 1684 5086 ossa
1696 5029 1883 5086 recondeban-

252 5127 439 5179 esscsanatos
450 5119 563 5173 tirmiter
574 5117 873 5188 asserebanl.ltaquod
885 5119 1041 5176 communis
1093 5122 1148 5182 tur,
1165 5131 1218 5186 qua
1233 5117 1311 5172 dere
1330 5116 1488 5186 huiusmodi
1509 5117 1645 5187 pontilicis
1668 5118 1787 5190 diploma
1809 5131 1879 5175 est:

253 5213 348 5285 opinio
364 5208 448 5266 totius
458 5209 579 5280 regionis
594 5211 621 5264 in
635 5217 738 5264 tantum
759 5209 874 5264 iuralult
888 5209 960 5266 circa
975 5211 1038 5278 ista,
1095 5225 1105 5259 r
1123 5206 1261 5264 Honorius
1272 5208 1425 5280 episcopus,
1438 5211 1535 5264 serius
1545 5221 1687 5266 servorum
1703 5209 1762 5276 Dei,
1773 5209 1882 5265 dilectis

255 5303 329 5377 quod
341 5301 490 5374 plurimum
517 5300 606 5370 ipsum
632 5306 753 5354 tenorem
768 5299 974 5356 attestationum
988 5314 1039 5354 ex·
1092 5298 1257 5355 liliisabbati
1285 5307 1312 5354 et
1335 5299 1482 5354 conventui
1504 5297 1683 5367 llolismensi,
1713 5300 1827 5355 saluam
1852 5308 1882 5355 et

254 5392 413 5450 tollianae
435 5391 537 5448 nostris
557 5389 725 5461 temporibus
750 5391 883 5447 accidisse
898 5391 1038 5458 dicuntur,
1092 5391 1269 5464 apostolicam
1281 5389 1506 5446 benedictionem.
1521 5391 1590 5446 Cum
1614 5391 1680 5446 olim
1703 5403 1751 5462 per
1773 5391 1883 5447 litteras

255 5486 328 5541 sicut
350 5483 476 5554 superius
500 5491 543 5539 est
570 5482 779 5552 expressumll
803 5490 926 5553 tempore
947 5495 1039 5540 autem
1091 5493 1119 5539 et
1140 5484 1371 5539 nuntiosuestros
1394 5481 1600 5556 supplicassetis
1624 5484 1772 5552 instanter,
1790 5482 1882 5554 adjuti

255 5575 347 5630 obitus
362 5573 458 5644 ipsius,
480 5573 560 5645 cujus
579 5588 635 5629 non
656 5578 746 5628 exstat
766 5574 908 5642 memoria,
932 5575 1040 5631 irrliuita
1091 5572 1254 5630 testimoniis
1262 5573 1733 5646 etintircessiouibusplurimorum,
1743 5583 1885 5631 utsanctae

256 5665 389 5723 miracula
402 5663 574 5746 referentum
594 5665 631 5720 ila
655 5663 729 5736 qnod
749 5671 806 5721 tota
820 5665 920 5723 ricinia
933 5681 1039 5739 nequa-
1085 5665 1230 5740 ,inemoriae
1252 5663 1284 5722 B.
1301 5663 1460 5736 liobertum,
1481 5665 1558 5738 cujus
1572 5681 1673 5738 corpus
1689 5667 1717 5724 in
1730 5675 1816 5724 restm
1834 5681 1884 5721 re-
