4017 6342
151 318 205 381 tte
416 289 420 296 ’
858 321 1065 381 otrtoutm.
1725 314 1773 391 tss

149 437 291 508 praeconio,
315 438 390 507 quod
413 452 467 493 non
492 445 536 493 est
559 438 628 509 apud
650 437 735 496 licum
756 454 933 511 personarum
947 444 971 503 Α
983 436 1127 497 dimidium
1146 450 1281 503 mansum,
1298 446 1325 493 et
1339 444 1445 510 pratum
1460 433 1611 502 dimidium,
1625 438 1697 513 qpod
1711 453 1774 508 por·

154 529 276 600 acceptio,
296 527 440 597 ctu'usdam
460 529 585 599 pauperis
602 540 630 586 ct
641 531 743 590 exsulis
756 548 852 605 preces
867 548 930 588 cum
982 539 1021 586 tat
1033 547 1059 589 rt
1077 539 1198 586 carratas
1212 529 1278 598 leni,
1301 538 1329 586 et
1343 528 1476 603 quidquid
1490 528 1579 585 allodii
1595 530 1731 591 habebant
1744 534 1771 589 in

152 622 285 678 alteritate
306 619 487 691 wsubplttttu.
497 629 525 675 el
535 621 571 676 ad
583 620 641 691 ejus
653 624 830 694 petitionem,
844 626 929 681 inter·
982 634 1084 681 ntente.
1098 621 1174 695 ttugo
1188 622 1324 694 quondan
1326 660 1578 682 ......................
1599 624 1772 680 Carnemrius

151 718 271 774 nonime
279 714 439 771 Grimbaldo
451 716 559 784 abbate,
573 718 601 772 in
612 716 689 787 catius
703 718 785 775 tutela
800 734 830 777 se
843 728 871 777 et
880 736 929 777 sua
980 716 1056 775 dedit
1070 715 1096 771 in
1109 717 1204 771 cadom
1218 712 1285 769 tilla
1297 729 1333 768 vn
1353 724 1445 771 curtos
1457 729 1576 781 mansos,
1587 724 1615 771 et
1625 716 1771 787 mancipia,

145 809 255 865 omnino
273 806 531 872 commendaverat,
546 807 690 865 molosiam
711 824 792 879 quatu
820 810 876 882 ipse
901 813 929 868 in
981 812 1141 878 Erundum,
1161 809 1354 875 Benlrelinom,
1381 810 1564 876 Bernardum,
1595 826 1657 867 cum
1682 811 1772 873 uxori·

147 906 235 955 monte
249 896 317 953 Sion
330 894 522 962 edificaverat,
536 896 603 954 cleri
624 900 712 957 nostri
723 901 839 959 consilio
852 903 930 959 dedi·
979 903 1032 965 bus
1045 913 1074 959 et
1090 902 1168 971 liliis,
1180 909 1209 957 et
1228 898 1340 970 reliquis
1365 900 1507 971 utriusque
1528 917 1625 966 serus.
1644 910 1672 957 et
1693 918 1771 961 matt·

145 990 271 1046 ortum.
290 987 344 1044 llic
359 987 459 1046 etenim
476 1002 579 1059 pauper
594 989 699 1058 llrrus,
713 993 826 1049 natione
843 994 930 1051 Bene-
980 1008 1041 1050 sum
1057 995 1084 1051 in
1100 1007 1154 1063 quo
1166 1000 1209 1047 est
1223 988 1460 1059 tuolcnditrum,et
1476 1000 1573 1061 terras,
1588 1000 1615 1047 et
1630 1003 1707 1064 prata
1726 992 1769 1053 in·

145 1086 297 1145 restanus,
334 1076 481 1133 muborun
521 1077 642 1135 locorum
682 1082 930 1153 opportunitatibus
980 1094 1056 1157 tegre
1081 1086 1144 1143 ltuic
1181 1100 1276 1143 maneo
1308 1084 1509 1160 appendentia,
1537 1085 1771 1145 consentientibus

144 1166 297 1237 exploratis,
312 1167 471 1239 predictum
495 1176 614 1224 montem
631 1173 773 1242 proposito
798 1188 848 1230 suo
862 1190 929 1231 cou-
980 1176 1124 1247 nepotibus
1136 1178 1204 1245 suls,
1226 1178 1330 1236 duobus
1352 1178 1616 1243 lratibus„dlber.ioo
1635 1177 1729 1241 milite,
1742 1188 1771 1233 et

143 1273 234 1330 gruum
242 1268 359 1316 remota
366 1258 566 1317 convenarium
579 1275 636 1316 suae
647 1262 930 1337 praeelegitreliqoias
979 1264 1092 1337 lingone
1105 1268 1256 1334 sacerdote,
1272 1276 1385 1339 accepto
1400 1282 1428 1327 a.
1438 1265 1582 1328 Tliiemaro
1595 1266 1692 1323 abbate
1707 1282 1770 1321 ceu-

144 1349 225 1405 saucti
237 1348 334 1406 laeobi
358 1350 472 1421 apostoli
484 1366 554 1421 quae
565 1366 658 1409 seeum
670 1354 772 1412 babere
791 1359 936 1427 credebat,
980 1365 1038 1413 tum
1051 1356 1199 1413 solidorum
1210 1358 1308 1427 pretio,
1320 1366 1347 1413 et
1359 1354 1439 1427 ajyrnr
1451 1356 1524 1412 dicto
1535 1356 1646 1427 llugone
1661 1367 1770 1426 recepto

143 1440 237 1497 ibidem
249 1441 388 1511 deposuit,
400 1441 436 1496 ab
447 1441 567 1515 illisqui
579 1458 643 1501 eum
656 1448 929 1519 temporaliterquaei
978 1462 1059 1505 servu
1081 1457 1110 1505 et
1135 1448 1244 1515 ancilla,
1257 1464 1320 1506 cum
1345 1449 1502 1511 infantibus.
1517 1456 1545 1503 et
1560 1447 1665 1504 duobus
1684 1449 1771 1505 curtis

143 1534 299 1591 benedeium
310 1536 496 1605 possidebant,
504 1536 642 1596 licentiam
652 1540 788 1599 incolendi
798 1543 927 1611 obtinuit;
979 1540 1082 1597 mansis
1097 1540 1148 1597 liae
1162 1540 1315 1598 conditione
1332 1524 1455 1597 retentis.
1473 1537 1620 1611 Presbyter
1634 1548 1691 1594 tota
1703 1540 1770 1605 rita,

143 1626 186 1682 sed
214 1642 276 1683 euna
301 1642 355 1697 pro
374 1627 550 1698 reliquiarum
568 1634 739 1702 reverentia,
759 1642 787 1692 et
808 1636 930 1693 notitme
979 1633 1095 1705 singulis
1122 1634 1203 1691 aunis
1225 1634 1367 1691 denarium
1388 1634 1452 1689 inde
1479 1632 1624 1703 persolvet,
1641 1630 1713 1703 quod
1737 1646 1771 1689 eo

143 1717 589 1792 loci,innumerabilis1popolorum
605 1724 756 1781 turbailluc
768 1728 927 1795 coullucret,
979 1726 1106 1783 aleluncto
1130 1726 1234 1797 reliquo
1261 1725 1361 1783 allodio
1387 1724 1591 1795 redintegrabit,
1606 1723 1730 1781 similiter
1743 1734 1772 1781 et

144 1810 229 1865 ditioo
239 1826 355 1867 moriere
368 1812 440 1867 idem
453 1827 556 1884 pauper
569 1815 741 1885 sublevatur,
755 1826 784 1874 ct
800 1818 928 1891 trequen-
942 1798 965 1858 Β
979 1817 1012 1873 dc
1027 1816 1121 1884 milite,
1135 1817 1157 1873 si
1171 1816 1230 1872 sine
1244 1817 1350 1873 baerede
1362 1816 1483 1887 legitimo
1496 1816 1637 1873 morietur.

148 1899 244 1955 tissima
265 1901 543 1958 circummanentium
568 1904 725 1962 tisitatione
761 1914 790 1963 ct
812 1908 928 1981 impulsu
1015 1908 1153 1965 Widricus
1174 1917 1205 1965 et
1225 1907 1352 1967 tllbricus
1379 1908 1412 1965 de
1438 1907 1771 1979 Paterniaco,aunueutu

145 1988 314 2057 roulortatur,
330 1990 490 2058 ecclesiam.
501 1996 610 2063 qualem
622 1998 721 2067 potuit,
735 1998 790 2056 illic
802 2009 929 2057 constru-
978 2002 1074 2058 eodem
1096 1999 1227 2073 lingone,
1245 2000 1378 2058 dederunt
1397 2000 1519 2057 funditus
1536 2001 1564 2057 ln
1590 2000 1652 2057 villa
1675 2004 1770 2059 eadent

144 2082 191 2149 ait,
202 2082 285 2137 locum
294 2082 731 2153 illatra,sicotolim,inbabitatum
740 2099 929 2162 esseputatur,
978 2092 1111 2164 quidquid
1126 2092 1312 2162 possidebant,
1326 2093 1393 2151 etin
1406 2091 1567 2155 Raterniaeo
1577 2108 1686 2153 serrum
1700 2092 1771 2149 llar-

142 2180 168 2228 et
176 2173 259 2230 adbuc
268 2190 373 2247 aggere
384 2176 501 2249 lapidum
515 2180 594 2249 quasi
609 2196 687 2237 muro
699 2180 845 2250 clauditur,
857 2188 928 2255 apud
979 2182 1087 2239 denum.
1106 2180 1238 2240 llodullus
1261 2182 1295 2239 de
1315 2180 1426 2239 Sorcciu
1448 2190 1555 2247 elusor
1567 2182 1626 2253 ejus
1637 2183 1770 2239 dederuut

142 2264 365 2337 iltosiuguorunr
379 2278 514 2339 potestate
535 2273 783 2339 erat,otocclesiae
798 2284 827 2331 et
845 2277 874 2331 in
892 2291 926 2333 ea
978 2289 1019 2329 rit
1043 2272 1149 2343 jrrgcra.
1172 2273 1277 2347 Drogu,
1294 2272 1443 2340 Raiuerus,
1462 2274 1596 2331 llerrricus
1616 2274 1719 2333 iratres
1742 2277 1770 2331 in

141 2356 251 2413 Domino
263 2360 450 2418 servientibus
469 2362 651 2420 dedicationis
678 2375 813 2437 ternpore,
831 2376 927 2424 nostro
979 2365 1042 2421 tilla
1055 2364 1164 2439 Syonna
1176 2366 1401 2423 dederuntunum
1414 2364 1770 2444 quartariunt.Apudllurrlt

141 2464 246 2505 assensu
258 2450 417 2508 traderetur
427 2452 528 2521 ellecit,
540 2470 623 2527 quant
636 2456 716 2513 beato
726 2456 928 2515 llarrsuetosic-
979 2458 1007 2511 in
1032 2457 1143 2515 Estraes
1166 2456 1200 2513 ad
1218 2470 1338 2527 presens
1356 2458 1438 2514 totius
1455 2457 1532 2515 londi
1547 2458 1588 2515 sui
1610 2458 1664 2539 ltoc
1691 2470 1769 2531 pacto

142 2542 378 2600 alitteamouaclti
395 2545 583 2605 stabilirentur
594 2559 725 2621 perpetuo
736 2552 928 2623 possidendam
978 2550 1172 2618 medietatem,
1188 2552 1253 2607 utsi
1266 2554 1368 2623 absque
1383 2550 1509 2622 legitimis
1523 2550 1587 2608 filiis
1603 2553 1637 2608 de
1649 2553 1701 2609 bac
1713 2554 1770 2609 tita

141 2647 185 2702 per
194 2649 301 2690 manum
314 2645 441 2694 nostram
456 2640 583 2697 tradidit.
977 2640 1152 2707 decesserint,
1166 2657 1229 2714 pars
1239 2642 1342 2715 reliqua
1355 2644 1621 2715 prioremsequatur.
1635 2643 1665 2700 ln
1675 2645 1769 2701 cadem

174 2722 237 2779 eun
252 2740 317 2780 tero
332 2725 437 2784 fratres
448 2736 478 2784 et
489 2728 541 2787 loci
555 2730 652 2787 incole
663 2747 718 2803 prae
729 2733 789 2803 ejus
800 2733 929 2793 ariditate
978 2728 1040 2787 tilla
1054 2730 1185 2789 llcnricus
1201 2735 1344 2809 presbyter
1361 2734 1472 2791 tineam
1485 2750 1566 2797 unam
1579 2745 1608 2792 ct
1622 2734 1769 2794 liutbertus

141 2813 204 2869 inira
214 2816 342 2888 proprios
355 2818 488 2877 terminos
501 2835 601 2893 aquam
612 2825 796 2882 mecesariam
810 2841 865 2883 nort
879 2828 927 2883 ba·
977 2822 1108 2893 qttidryuid
1120 2824 1147 2879 in
1164 2825 1215 2881 bac
1230 2825 1292 2881 tilla
1315 2826 1442 2882 babebat.
1462 2826 1570 2889 Addita,
1577 2826 1628 2883 luit
1638 2828 1720 2885 etiam
1734 2828 1769 2885 ad

140 2904 238 2974 beroni,
254 2910 364 2966 aditum
387 2911 422 2968 ad
436 2910 537 2968 iontem
555 2916 602 2987 qui
626 2916 654 2971 in
666 2918 801 2976 descensu
815 2920 927 2989 montis,
977 2929 1042 2971 usus
1065 2913 1179 2973 fratrum
1194 2917 1367 2989 dispensante
1384 2917 1496 2977 domino
1510 2917 1615 2977 abbate.
1629 2917 1767 2985 liemaro,

140 3000 238 3055 illorum
252 3004 369 3059 vesania
390 3004 417 3059 iu
436 3018 553 3075 quorum
565 3007 657 3064 alodio
669 3017 741 3075 erat,
756 3010 927 3067 humanitate
977 3005 1093 3063 ccclesia
1107 3008 1140 3063 tle
1154 3008 1203 3076 Bu.
1219 3025 1299 3080 quant
1322 3010 1396 3067 dedit
1410 3008 1568 3071 Wullritltts.
1583 3010 1718 3073 dllodiutu
1733 3012 1768 3067 do

141 3092 278 3161 postposita
289 3108 343 3164 per
354 3094 512 3153 violentiam
527 3096 690 3154 interclusit.
704 3098 754 3167 Qui
770 3115 819 3171 pro
834 3116 865 3157 ea
879 3102 923 3157 in·
976 3098 1068 3167 Ruris,
1079 3101 1150 3171 qttod
1173 3100 1247 3157 dedit
1275 3100 1457 3173 ingilbertus.
1475 3100 1618 3161 dllodium.
1630 3103 1664 3159 de
1678 3100 1767 3160 biaci-

141 3181 279 3249 spiratioae
305 3184 402 3240 divina
435 3188 575 3255 correcti,
599 3188 726 3245 bidricus
759 3190 864 3248 scilieet
890 3192 925 3250 de
974 3190 1139 3260 rilla,quod
1167 3191 1241 3247 dedit
1265 3190 1366 3248 Sancto
1390 3190 1705 3255 mansuetosttonunaus
1732 3194 1767 3251 de

141 3273 326 3344 Syoooa,euur
344 3293 431 3335 uxore
452 3291 482 3336 et
502 3280 730 3348 liliis,0delrieus
746 3292 775 3339 et
795 3282 925 3340 Abeliuus
973 3279 1095 3353 detruso,
1110 3290 1138 3337 ct
1152 3280 1312 3353 llodulpbus
1327 3282 1361 3338 de
1382 3280 1550 3341 Germineio.
1573 3282 1708 3340 Allodium
1732 3284 1767 3341 do

141 3371 269 3425 remmia
291 3370 734 3444 qualouscst,ctinquarinea
747 3374 923 3443 posterlacta
972 3372 1142 3439 bitinivilla,
1162 3387 1223 3431 curn
1254 3374 1398 3443 mancipiis
1423 3373 1563 3445 utriusque
1588 3376 1766 3445 sexus,ouod

140 3469 185 3527 est,
195 3471 222 3516 ct
243 3462 379 3533 quidquid
401 3464 540 3522 habebunt
559 3466 588 3522 in
602 3474 706 3531 monte,
718 3465 808 3522 eidem
820 3465 924 3523 cellule
973 3463 1047 3521 dedit
1058 3462 1194 3521 Widrieus
1223 3466 1257 3521 de
1277 3465 1456 3523 bousluwart.
1472 3465 1606 3523 Alledium
1620 3466 1652 3523 de
1676 3466 1765 3535 Lilou,

140 3562 335 3609 concesseruut.
972 3556 1045 3626 qttod
1057 3556 1130 3613 dedit
1141 3556 1321 3621 Baldotyinos.
1335 3556 1468 3614 llllodium
1478 3556 1511 3613 de
1524 3556 1596 3613 Sola.
1609 3557 1681 3629 qnod
1692 3558 1765 3613 dedit

170 3642 242 3699 bedtt
264 3644 353 3701 ctiam
373 3644 439 3702 buic
457 3642 581 3705 cutura
601 3642 729 3701 Albricus
750 3644 785 3701 de
800 3643 924 3719 llayuol-
974 3649 1119 3705 walterus.
1134 3649 1267 3706 dllodium
1293 3651 1327 3705 dc
1351 3650 1526 3716 Seroltmunt,
1541 3651 1613 3723 guod
1626 3651 1699 3707 dedit
1711 3650 1770 3706 ltu·-

140 3732 257 3807 rillapro
279 3738 429 3795 animabus
445 3737 533 3809 patris
555 3736 597 3793 sui
610 3737 815 3805 renuentes
828 3740 924 3795 matris
972 3738 1079 3805 bertus,
1100 3746 1128 3793 ct
1141 3754 1209 3793 urmr
1231 3742 1289 3817 elus
1302 3754 1351 3810 pro
1371 3754 1401 3795 se
1425 3750 1452 3794 et
1478 3738 1620 3795 anirnabns
1648 3740 1774 3803 fratrum.

139 3844 188 3884 rute
213 3830 305 3899 bada,
320 3838 354 3888 et
378 3829 475 3889 lratris
493 3830 537 3891 sui
557 3831 737 3898 Theoderici,
756 3834 802 3903 qui
823 3834 923 3890 ibidum
972 3828 1516 3901 suorum.dpudllareeinmquartapars
1531 3830 1761 3898 allodiiWidriei,

139 3925 226 3993 sepulti
245 3936 320 3994 sunt,
347 3926 521 3981 medietatem
539 3926 623 3981 totius
641 3924 719 3979 tundi
743 3940 825 3995 quem
845 3934 924 3997 pater
972 3938 1054 3995 otram
1066 3924 1139 3979 dedit
1162 3923 1219 3994 ipse
1235 3924 1351 3980 inomni
1370 3940 1436 3991 usu;
1459 3924 1564 3980 addidit
1583 3926 1692 3997 insuper
1705 3940 1764 3982 ser,

139 4012 190 4081 eius
201 4016 296 4071 babuit
312 4018 344 4071 in
371 4015 434 4071 uilla
455 4014 574 4081 llossod,
591 4030 654 4075 cnm
669 4029 698 4076 tt,
711 4015 824 4083 mansis,
845 4031 923 4071 utan-
972 4028 1034 4069 vum
1049 4022 1078 4069 et
1091 4014 1226 4081 ancillam,
1242 4030 1304 4071 cum
1318 4014 1382 4071 bliis
1395 4024 1423 4071 ct
1436 4014 1530 4071 laudo.
1544 4015 1680 4073 Allediura
1690 4019 1764 4087 quod

139 4108 280 4178 sionilibus,
295 4118 325 4165 et
349 4108 492 4168 dimidium
518 4108 714 4173 molendinum,
738 4122 800 4163 eum
817 4108 923 4168 duobus
975 4102 1049 4169 dudit
1064 4102 1207 4165 Odelrieos
1218 4104 1253 4160 de
1267 4104 1388 4161 llunltct
1406 4104 1552 4175 usuroy'us,
1567 4107 1638 4179 apud
1652 4106 1762 4169 bunne-

140 4196 282 4256 bominibus
305 4200 451 4269 llerberto‚
468 4200 600 4273 seyardo,
615 4209 644 4257 et
668 4200 769 4257 lentina
782 4199 924 4273 wigerda,
972 4204 1064 4255 court.

137 4290 306 4349 etlercduas
324 4304 417 4363 partes
438 4292 515 4348 silvae
530 4308 591 4364 quae
617 4300 660 4349 cst
673 4293 702 4349 in
718 4293 832 4355 australi
844 4303 922 4363 parto
1007 4286 1139 4345 Nostero
1158 4288 1194 4345 de
1211 4288 1350 4359 temporali
1375 4287 1592 4360 briusecclesite
1606 4302 1760 4361 cremento,

137 4382 247 4451 ciusdem
269 4385 383 4441 montis.
396 4372 535 4445 witerne
551 4385 586 4441 de
611 4384 691 4445 Honb
711 4386 786 4443 dedit
809 4394 922 4457 quarta·
971 4382 1128 4437 etmarime
1138 4384 1172 4438 de
1183 4382 1316 4455 spirituali
1330 4384 1477 4442 multorum
1488 4394 1616 4457 prosectu
1625 4386 1761 4459 gratulan-

138 4477 199 4531 rium
213 4486 304 4545 terrae,
331 4488 360 4535 et
387 4479 508 4549 genuque
529 4486 624 4537 curtos
637 4490 757 4542 mansos,
780 4476 806 4531 in
822 4477 922 4546 utribus
936 4484 1022 4547 ples,
1035 4474 1157 4531 libertati
1170 4472 1290 4531 deutrum
1311 4486 1340 4533 et
1352 4474 1443 4551 quieti,
1460 4460 1639 4547 inposterum
1655 4478 1760 4549 prospi-

138 4578 194 4622 sunt
205 4583 226 4624 tt
240 4569 334 4627 lontes
346 4570 407 4627 usui
424 4569 494 4630 nillse
504 4568 582 4625 valde
610 4568 767 4627 necessarii.
778 4568 813 4623 Et
827 4566 921 4624 'l'ebal-
972 4567 1087 4631 cientes,
1099 4573 1129 4621 ut
1139 4580 1248 4623 omnem
1263 4566 1473 4625 sollicitudinem
1497 4568 1537 4624 eis
1551 4568 1657 4638 penitus
1672 4570 1760 4627 abaci·

137 4660 194 4716 dum
208 4677 269 4718 curn
288 4680 377 4719 uxore
392 4672 420 4719 et
434 4662 586 4727 liliis,cum
599 4660 684 4718 londo
697 4662 920 4733 propriamque
969 4656 1110 4727 deremus,
1125 4656 1213 4719 altare
1226 4658 1314 4713 sancti
1326 4658 1453 4723 Germani
1464 4659 1497 4715 de
1509 4658 1631 4731 syonna,
1640 4674 1760 4725 ‚consen-

136 4754 166 4807 ad
188 4770 222 4810 ar
255 4756 365 4827 iugera.
390 4755 489 4817 Frater
513 4755 571 4824 ey'us
595 4754 702 4828 llaymo
727 4755 833 4811 addidit
854 4754 919 4815 buic
970 4747 1054 4811 tiente
1070 4755 1098 4802 et
1110 4746 1238 4813 laudante
1250 4746 1368 4817 iliquirto
1382 4748 1634 4817 archidiacono,et
1646 4748 1759 4822 lingone

136 4844 198 4900 dono
212 4849 419 4919 lupanarium,
430 4846 634 4910 etllicbardnm
647 4861 709 4908 eunt
727 4845 835 4903 allodio.
968 4840 1137 4917 presbytero,
1155 4840 1202 4913 gui
1218 4849 1281 4903 tunc
1293 4840 1379 4897 altare
1397 4840 1524 4908 babebat,
1539 4842 1589 4898 bac
1602 4843 1758 4899 conditione

167 4936 295 4999 Praetem
306 4940 494 5004 eontulitbuic
510 4939 568 4999 loco
578 4936 822 4997 domnusdlbricus
834 4936 919 5001 abbas
968 4933 1154 4991 concessimus
1164 4941 1210 4999 nt,
1223 4932 1345 5003 quandiu
1356 4934 1497 5009 presbyter
1507 4936 1620 5004 vireret,
1632 4950 1659 4991 rt
1673 4937 1757 4992 dena-

135 5030 256 5101 quidquid
275 5046 368 5091 centes
387 5031 491 5104 llayrno
505 5030 597 5096 ‚Beato
619 5029 760 5089 Mansrrero
782 5029 810 5083 in
822 5029 917 5086 eadem
967 5022 1026 5086 rios
1038 5021 1293 5097 indepersolreret3
1307 5033 1367 5095 post
1377 5025 1435 5095 ejus
1446 5033 1559 5082 mortem
1581 5042 1630 5097 por
1644 5044 1754 5083 manum

136 5120 190 5176 vitta
213 5124 334 5192 armar,
359 5124 483 5181 videlicet
501 5122 674 5189 medietatem
697 5121 863 5179 decimarum
888 5132 917 5177 or
970 5116 1076 5171 abbatis
1099 5114 1295 5188 disponendum
1321 5118 1380 5173 sine
1403 5120 1586 5175 controversia
1610 5120 1755 5175 ecelesiam

136 5211 278 5286 litoruuem
310 5232 373 5281 cum
403 5216 507 5282 lando,
531 5230 644 5277 uxorem
675 5223 765 5276 namra
799 5210 859 5281 ejus
889 5224 916 5267 et
966 5208 1126 5277 possideret.

138 5301 207 5361 lilios.
218 5306 364 5376 Gonitrgem
376 5306 507 5372 bernardi
519 5305 566 5369 dlii
577 5303 719 5374 ejusdedit
730 5317 823 5361 cornea
832 5301 916 5357 liuor·
1003 5300 1131 5357 Dedimus
1143 5302 1226 5357 etiam
1235 5300 1377 5359 warinum
1388 5310 1416 5358 et
1426 5318 1536 5359 urorcnr
1547 5302 1606 5373 ejus
1618 5312 1753 5373 receptam

131 5391 467 5461 nennsuccunnnne.
966 5391 1116 5457 eternae.
1131 5391 1165 5449 ue
1187 5393 1265 5463 curus
1289 5392 1674 5449 satannianorum
1694 5392 1754 5451 teu
1783 5380 1785 5385 '

132 5539 135 5543 .
167 5484 493 5547 deramosdettorcettes
509 5489 585 5547 dedit
594 5484 793 5547 beutodacobo
806 5485 835 5542 in
851 5486 914 5542 uilla
965 5484 1039 5541 nulla
1054 5491 1188 5539 vetustate
1202 5484 1314 5553 abolita,
1328 5484 1355 5541 in
1381 5483 1552 5553 praeentiam
1577 5486 1752 5549 revocataai

137 5572 239 5647 syonna
252 5590 370 5644 curtum
387 5596 525 5647 mansum,
538 5581 567 5635 in
588 5594 643 5651 quo
668 5587 711 5636 est
730 5578 914 5636 molendinum
965 5591 1034 5647 opus
1060 5573 1151 5641 luerit,
1176 5576 1294 5631 bumana
1311 5576 1395 5645 possit
1419 5573 1538 5629 invocari
1554 5574 1750 5630 memoria...

136 5669 202 5744 epod
216 5681 330 5738 tueatur,
339 5674 495 5741 lttaienum,
509 5682 539 5729 et
548 5672 680 5744 quidquid
694 5670 784 5735 allodii
799 5669 915 5727 babebat
965 5668 1067 5739 scripto
1078 5666 1274 5734 mandarimus,
1286 5677 1316 5725 ut
1327 5663 1649 5721 omniumoblatrantium
1658 5675 1750 5723 nostra

138 5759 459 5837 praenominum
481 5767 563 5825 llattu
580 5773 608 5825 et
630 5780 699 5823 uror
712 5764 771 5836 ejus
784 5764 915 5823 dederunt
968 5754 1625 5843 auctoritatetemerariaobtoudaturimprobitas
1637 5757 1769 5831 propria,
