4017 6342
211 341 283 400 lars
692 337 989 407 utitomtrtortts
1008 349 1059 407 SS.
1077 350 1231 411 parauit.
1251 385 1286 395 -
1304 354 1369 412 tto.
1390 355 1423 412 it.
1792 366 1864 422 lili

212 458 291 528 hant,
303 472 371 522 sunt
385 465 443 522 dnn
459 459 695 533 infideletpopnli,
709 456 846 519 iudaicus
862 465 1019 536 etgentilis‚
1035 468 1059 525 A
1073 468 1155 534 lenm,
1170 479 1213 526 est
1234 469 1419 530 Antichristus
1440 473 1488 544 qul
1512 475 1613 546 populo
1635 475 1755 533 ddelium
1769 479 1865 537 indicit

216 554 264 626 qui
288 555 437 614 Christum
459 568 550 630 regem
579 553 670 611 occidi
702 550 852 609 consilium
877 555 1017 612 dederant.
1070 561 1354 631 mortissupplicinm.
1371 562 1423 630 Qui
1437 566 1533 621 eodem
1544 567 1661 638 equuleo
1675 571 1863 640 suspenditur,

218 647 498 718 Quoshlardochaeus
518 655 645 715 accusat,
659 647 724 720 quia
739 641 915 704 Christianus
932 661 1019 719 popu·
1069 651 1133 722 qnia
1157 658 1185 706 et
1211 651 1270 721 ipse
1291 652 1389 710 mortis
1415 655 1550 726 supplicio
1564 657 1741 715 interimitur.
1756 658 1864 716 hiando·

221 743 263 800 ius
286 756 370 813 opera
396 757 494 798 eorum
519 737 667 810 improbat.
682 739 723 794 lili
742 751 837 810 arege
857 747 1017 807 enecantur,
1068 741 1162 800 elneus
1176 757 1192 799 a
1205 759 1269 816 rege
1279 747 1407 818 princeps
1419 749 1577 819 preficitur,
1589 751 1654 822 quia
1672 751 1760 808 tidelis
1777 768 1864 824 popu-

221 845 248 891 et
260 833 328 891 istla
339 835 453 893 Christo
465 837 837 894 damnantur.hiardocheus
857 853 978 910 purpura
990 847 1018 894 et
1067 833 1111 890 lus
1125 843 1236 906 peracto
1247 835 1352 906 judicio
1367 839 1556 910 superomnia
1575 841 1647 897 hona
1673 841 1784 898 Domini
1800 858 1864 898 con·

223 941 324 1002 corona
339 929 536 1001 irrsignitur,et
552 927 727 985 Christianus
742 929 860 998 populus
885 929 1016 1000 martyrio
1067 925 1200 982 stituitur.
1219 924 1317 982 Samen
1349 927 1438 982 Arnen
1460 929 1675 998 exterminatur,
1702 931 1767 1002 quia
1796 941 1863 986 tunc

223 1029 250 1073 et
265 1030 365 1075 etema
381 1021 468 1092 gloria
487 1022 612 1077 vestitur.
629 1020 707 1092 liquo
721 1020 796 1092 regio
816 1035 864 1090 per
876 1021 1015 1077 civitatem
1067 1017 1207 1088 generatio
1224 1016 1358 1072 malorum
1377 1018 1534 1074 damnatur.
1546 1018 1668 1090 Populus
1682 1030 1774 1076 autem
1792 1023 1863 1092 regi·

222 1107 342 1178 ducitur,
353 1112 418 1182 quia
437 1109 610 1168 Christianus
628 1111 775 1182 populosa
794 1111 954 1168 doctorihus
966 1126 1015 1182 per
1067 1121 1109 1164 ne
1122 1107 1265 1175 liberatur,
1277 1116 1304 1163 ct
1318 1107 1428 1164 tristitia
1445 1107 1505 1178 ejus
1531 1108 1560 1164 in
1583 1109 1713 1180 gaudium
1737 1125 1863 1166 commu-

223 1209 312 1256 totum
331 1201 473 1256 mundum
494 1203 604 1259 colitur.
616 1200 689 1258 Ordo
711 1216 830 1272 namque
851 1203 1014 1272 predicato·
1066 1205 1148 1265 tatur,
1162 1199 1227 1269 quia
1250 1199 1389 1270 generatio
1411 1212 1549 1256 rectorum
1565 1201 1751 1268 benedicetur,
1766 1201 1860 1257 laetitia

223 1306 285 1346 rurn
302 1306 390 1361 equus
402 1290 506 1348 Christi
529 1292 600 1364 regis
625 1291 778 1357 dicitur,in
794 1307 857 1364 ‚qno
881 1290 940 1362 ipsc
967 1291 1039 1364 per'
1065 1300 1092 1346 et
1117 1289 1298 1345 exsultatione
1318 1289 1483 1362 perfruetur.
1512 1291 1784 1360 Nnnc‚charissimi,
1801 1301 1860 1349 toto

222 1383 316 1438 orbern
327 1382 444 1438 uehitur.
458 1382 547 1438 Arnen
569 1397 632 1438 curu
646 1382 780 1438 militihus
800 1382 896 1437 laudes
910 1381 935 1437 ei
948 1397 1016 1436 corr·
1066 1373 1149 1439 eorde
1160 1382 1207 1438 Dei
1220 1383 1399 1440 obsecramus
1420 1384 1591 1453 clementiam
1619 1384 1667 1455 qni
1689 1383 1764 1438 sedet
1777 1399 1860 1454 super

221 1481 311 1540 sonat,
326 1475 390 1544 quia
409 1473 540 1530 iudaicus
562 1472 679 1544 populus
697 1487 761 1528 cunr
776 1472 934 1543 gentilibus,
950 1471 1016 1527 relit
1067 1475 1196 1530 thronum
1211 1484 1238 1530 et
1247 1474 1530 1545 judicatequitatem,
1542 1474 1645 1531 iaciens
1653 1474 1789 1546 judicium
1803 1489 1862 1530 om-

219 1563 297 1631 nolit,
310 1562 463 1620 Christiani
489 1564 581 1635 populi
608 1563 743 1635 preconia
769 1563 897 1618 celchrat.
912 1560 1015 1634 Regina
1066 1565 1148 1622 nibus
1169 1566 1296 1636 inituriam
1323 1566 1500 1636 patientibus,
1514 1575 1544 1620 ιιι
1566 1581 1618 1622 nos
1632 1566 1677 1621 illa
1691 1566 1782 1621 dieah
1798 1565 1861 1620 inli-

215 1669 309 1726 regcm
324 1656 360 1712 ad
379 1657 534 1712 conuitium
548 1665 639 1724 vocat,
652 1658 717 1728 qnia
733 1655 856 1712 Ecclesia
873 1655 1014 1713 Christum
1065 1659 1117 1714 dcli
1129 1658 1230 1729 populo
1246 1665 1378 1730 segreget,
1391 1657 1464 1714 lideli
1484 1667 1579 1714 autern
1593 1659 1620 1714 in
1644 1673 1696 1716 suo
1711 1674 1795 1730 regno
1814 1673 1859 1712 as-

213 1745 250 1799 ad
264 1747 401 1802 solemnia
417 1747 458 1803 stri
472 1748 712 1817 corporisinritat.
724 1750 812 1804 Antan
824 1749 906 1803 etiarn
918 1749 1015 1804 adesse
1065 1749 1159 1815 societ,
1177 1749 1222 1804 uhi
1241 1750 1338 1806 oculus
1363 1764 1417 1804 non
1439 1750 1520 1806 ridit.
1537 1765 1588 1806 nec
1610 1750 1686 1805 auris
1711 1749 1813 1804 audivit
1830 1745 1856 1821 (i

208 1838 302 1908 iuhet,
316 1840 383 1909 quia
403 1839 503 1894 inlideli
516 1840 622 1910 populo
641 1855 707 1897 suas
728 1842 823 1911 epulas
841 1839 1014 1911 predicando
1030 1809 1052 1863 Β
1068 1840 1130 1897 Cor.
1148 1840 1189 1912 rr).

206 1931 327 2009 prebet.
341 1929 552 2010 Amenanaque
567 1931 617 2005 qui
636 1931 807 1989 llardnchnro
824 1931 905 2003 erigit
926 1945 1015 2002 egnu-

1020 2064 1054 2080 ι-

581 2205 882 2301 nonturno
915 2205 1202 2338 ureretur
1245 2207 1489 2299 ranrrt.

866 2401 1049 2462 Secundum
1064 2401 1232 2464 loannem.

242 2580 253 2616 t
272 2560 349 2617 Cum
371 2561 544 2618 sublevasset
558 2561 655 2618 ocalos
674 2559 755 2618 lesus
766 2569 793 2617 et
811 2561 925 2619 vidisset
942 2563 1008 2633 qtria
1060 2560 1150 2617 rideat
1161 2562 1275 2633 gloriam
1288 2560 1346 2618 Dei.
1363 2560 1397 2618 Et
1410 2561 1479 2633 ignis
1499 2563 1527 2617 in
1540 2571 1672 2618 eternum
1691 2565 1856 2624 cruciandos

203 2654 360 2711 multitudo
384 2655 503 2711 maxima
514 2653 594 2709 venit
607 2655 640 2710 ad
655 2653 820 2724 eumitren.
834 2655 884 2727 ur).
905 2673 915 2706 r
936 2653 1008 2722 Quia
1060 2653 1189 2721 introiret,
1202 2656 1266 2724 quin
1281 2673 1291 2706 ι
1308 2656 1410 2710 rerrnis
1420 2669 1515 2710 eornm
1532 2669 1587 2712 non
1602 2657 1728 2724 moritur,
1742 2669 1771 2715 ut
1784 2659 1855 2730 ignis

210 2747 271 2802 hec
287 2745 372 2801 lectio
381 2746 538 2818 evangelica
558 2744 708 2802 secundum
723 2744 945 2801 Ecclesiasticunr
961 2760 1008 2800 or·
1058 2759 1114 2800 non
1125 2743 1292 2814 extinguitur
1303 2743 1466 2818 (lanimxrr)
1483 2744 1595 2817 »liujus
1605 2748 1774 2820 ergojudicii
1785 2753 1856 2823 ligu-

211 2835 305 2891 dinem
320 2833 403 2890 dehet
420 2835 449 2890 in
460 2832 553 2890 medio
572 2831 794 2905 Quadrngesimae
806 2835 928 2902 recitari,
942 2834 1009 2891 lihet
1058 2848 1117 2888 ram
1134 2847 1216 2889 arcus
1231 2833 1276 2888 ille
1290 2833 1318 2888 in
1330 2834 1449 2892 nuhihus
1467 2845 1653 2907 representat,
1665 2839 1757 2909 quiex
1776 2850 1854 2912 parte

213 2941 289 2983 nunc
300 2927 330 2983 in
348 2929 557 3000 presentiarum
569 2926 746 2996 supersedere
756 2927 818 2998 ejus
830 2927 1004 2997 expositioni,
1058 2925 1243 2993 narnienses
1259 2940 1292 2982 ex
1317 2934 1395 2996 parte
1408 2927 1517 2984 ridetur
1536 2928 1644 2999 ignens,
1660 2939 1690 2985 ut
1709 2931 1854 3003 utriusque

215 3029 242 3074 rt
252 3022 305 3075 aia
316 3024 381 3079 truie
396 3020 559 3085 flaminicae,
568 3034 630 3090 qnae
643 3018 797 3075 intitulatur
810 3039 816 3074 ς
829 3018 929 3087 Quinta
943 3029 1007 3076 anta
1055 3013 1152 3084 judicii
1166 3014 1243 3071 testis
1265 3017 1302 3071 sit
1317 3017 1419 3073 :unius
1433 3019 1558 3076 videlicet
1575 3019 1632 3089 iant
1654 3019 1730 3088 lacti,
1741 3024 1853 3092 quando
1880 3005 1881 3010 ἵ

217 3106 312 3163 Natale
331 3110 450 3177 Domini,
462 3111 641 3185 congruentia
666 3112 701 3168 ad
723 3110 876 3183 proiectum
894 3113 1008 3168 audien·
1059 3105 1240 3176 aquedilnrii
1258 3115 1335 3162 erant
1351 3118 1545 3178 superterram
1560 3129 1567 3179 ;
1585 3111 1697 3169 alterins
1710 3113 1854 3170 adhucla-

217 3200 286 3255 Dum
303 3216 352 3258 seu
371 3204 518 3276 legentium
530 3217 654 3259 exarare.
1058 3198 1158 3265 ciendi,
1169 3199 1279 3270 qnando
1289 3199 1424 3269 iudicabit
1446 3199 1519 3258 Deus
1543 3203 1673 3260 seculum
1685 3219 1734 3275 per
1748 3205 1850 3277 ignem.

250 3289 336 3348 Nemo
350 3293 443 3365 itaque
461 3301 598 3360 restrum,
622 3290 789 3359 charissimi,
811 3293 917 3351 tiuhitet
936 3292 1007 3349 duos
1059 3288 1279 3359 Contremiscite,
1291 3291 1429 3361 iratres,a
1451 3302 1555 3350 terrore
1570 3296 1637 3350 tanti
1659 3296 1771 3365 indicis,
1784 3304 1814 3351 ut
1835 3312 1851 3352 n

214 3398 277 3440 esse
287 3385 375 3440 nostri
385 3384 575 3456 Redemptoris
589 3385 721 3442 adrentus
733 3407 740 3441 :
753 3402 871 3459 quorum
884 3387 1003 3458 primum
1017 3380 1038 3439 C
1055 3378 1126 3436 lacre
1154 3397 1235 3438 arcus
1263 3382 1392 3454 lugintis:
1410 3403 1419 3436 ι
1436 3384 1538 3440 Arcum
1552 3401 1633 3442 suum
1648 3388 1781 3455 tetendit,
1796 3397 1849 3444 etc.

213 3475 271 3544 jam
285 3478 474 3547 precessisse,
488 3477 604 3532 alterum
617 3478 708 3534 adhue
718 3477 840 3535 intutum
854 3494 916 3536 esse
929 3490 1002 3538 certa
1056 3471 1144 3546 (Ptol.
1159 3473 1219 3546 ιιι).
1238 3493 1248 3526 ι
1265 3475 1318 3530 Sed
1336 3476 1398 3532 ideo
1410 3477 1552 3548 paululum
1563 3489 1746 3537 moratorios
1759 3481 1850 3546 ferire,

214 3567 268 3623 tide
294 3569 495 3640 cognoscimus.
521 3568 673 3641 Utrumque
707 3581 804 3627 vestre
839 3570 1004 3628 fraternitati
1055 3573 1086 3620 ut
1114 3563 1273 3621 lestinemns
1289 3580 1305 3621 a
1320 3566 1389 3623 lacie
1411 3575 1494 3626 tante
1520 3571 1766 3627 animadversionis
1779 3571 1850 3627 eiiu-

212 3659 483 3732 disiingugrgopepae
493 3662 618 3731 pralium
632 3670 691 3730 egi,
709 3671 740 3717 ug
756 3663 885 3718 exaltem
899 3663 1006 3719 miseri.
1055 3671 1128 3729 gere.
1150 3655 1273 3716 (Dedisti
1299 3659 1372 3714 Clilm
1397 3661 1583 3720 metuentibus
1620 3671 1646 3718 ῑθ
1673 3662 1851 3734 Significatio-

212 3750 336 3805 eordiam
358 3758 518 3821 sperare,et
543 3764 578 3806 cx
601 3751 687 3806 altero
703 3751 838 3820 iudicium
854 3750 1005 3809 formidare
1056 3761 1128 3814 nem,
1146 3747 1311 3818 emittit).
1331 3748 1409 3806 sset
1438 3761 1559 3809 «cauete
1593 3767 1628 3809 ne
1654 3752 1718 3825 luga
1759 3763 1850 3810 restra

212 3841 322 3908 aciatis,
333 3852 469 3913 quatenns
491 3850 582 3898 restra
608 3843 765 3899 sollicitudo
788 3845 860 3900 inter
882 3861 959 3916 spem
977 3852 1005 3900 et
1054 3837 1199 3895 hiemsve!
1214 3837 1514 3914 Sahhatolnttttout.
1528 3845 1612 3916 xxiv).
1629 3845 1748 3901 rliienre
1775 3847 1849 3904 eninr

212 3944 318 3991 metum
338 3935 428 4006 posita
444 3934 587 4007 diligenter
609 3936 742 4008 invigilet,
757 3947 785 3992 et
809 3937 881 3994 mala
908 3953 1005 3996 carere
1055 3929 1497 4003 tngitcnieharttasretrtgesccns
1511 3935 1771 4007 honorumnperum
1783 3953 1849 3994 cur-

212 4043 276 4099 qne
283 4029 388 4100 judicio
397 4029 555 4099 puniantur,
570 4037 597 4084 ιι
609 4029 680 4084 hona
693 4029 835 4099 proriderc
847 4044 909 4100 que
922 4030 1004 4086 mise·
1056 4037 1103 4079 sus
1128 4022 1250 4094 impedit.
1280 4021 1430 4080 Sahhatum
1455 4040 1565 4096 qunque
1589 4027 1793 4096 interveniens,
1820 4030 1848 4086 id

212 4123 334 4177 ficol-dja
354 4130 571 4178 remunerentur,
588 4121 681 4177 Primi)
692 4123 810 4177 adventu
824 4137 875 4177 sno
889 4121 1005 4179 Redem-
1055 4121 1098 4171 CSC
1111 4115 1243 4172 terminus
1255 4115 1317 4172 Vitae
1327 4116 1444 4174 &Cilonis
1465 4117 1543 4174 boitae
1561 4117 1722 4176 exercitium
1737 4119 1848 4175 inmei-

213 4223 276 4282 ptor·
290 4223 385 4269 noster
399 4215 426 4269 in
440 4212 558 4269 lormant
570 4221 671 4270 nostre
683 4215 862 4270 humanitatis
878 4229 1005 4271 mansue·
1055 4204 1094 4260 dil
1104 4205 1284 4262 tardantitrns.

211 4313 260 4363 tus
274 4315 302 4362 et
315 4307 437 4374 humilis,
450 4308 520 4362 inter
535 4307 660 4362 homines
671 4308 753 4362 homo
763 4322 854 4374 verus,
868 4307 1003 4379 apparuit.
1092 4297 1121 4353 Si
1149 4313 1223 4369 edito,
1251 4297 1361 4365 fratres,
1375 4299 1410 4355 ab
1424 4299 1470 4355 illo
1486 4299 1567 4356 vultis
1585 4298 1691 4371 lugere,
1705 4302 1738 4357 nd
1754 4302 1845 4372 ipsum

212 4397 481 4470 &pungorngposja
498 4415 556 4456 Μ
570 4399 722 4471 majestatis
742 4400 868 4459 mergus
885 4400 1005 4456 errent.
1056 4389 1150 4461 sugite.
1168 4390 1197 4446 Si
1219 4389 1367 4446 aDrcntum
1390 4391 1487 4461 iudicii
1516 4391 1718 4462 pertimescitis,
1743 4392 1778 4446 ad
1796 4394 1845 4448 ad-

210 4490 287 4559 Dilis,
311 4507 393 4562 super
416 4493 527 4562 angelos
551 4491 625 4548 Deus
646 4490 731 4548 horno
745 4491 894 4562 apparebit.
912 4489 1005 4546 Primo
1056 4491 1168 4538 rentum
1192 4483 1390 4539 misericordie
1414 4483 1551 4554 respicite,
1572 4491 1599 4538 et
1613 4485 1640 4537 in
1664 4484 1716 4539 hac
1741 4484 1845 4539 hehdo-

210 4583 330 4639 aduentu
358 4597 409 4654 pro
432 4583 512 4638 nohis
538 4582 886 4653 iudicatus,maledicturu
914 4583 1005 4639 crucis
1056 4575 1156 4642 meda,
1186 4589 1248 4645 ‘11¹ae
1269 4583 1311 4630 0⁵²
1329 4573 1425 4644 (111ῑῦῑὲ1
1451 4583 1515 4630 111111
1539 4574 1707 4630 utilititatem
1723 4573 1843 4643 ⁰⁰ffli¹¹⁵r

209 4675 335 4746 madens
353 4674 382 4728 in
394 4673 468 4745 tigno
482 4673 572 4729 crucis
602 4673 748 4741 sustincte
765 4674 897 4740 ecnnun,
916 4682 1003 4729 totum
1058 4674 1086 4721 et
1100 4667 1128 4721 in
1145 4666 1290 4736 sequenti,
1317 4683 1378 4738 uuo
1391 4675 1488 4739 quarta
1506 4667 1556 4722 cnr
1570 4675 1632 4722 anre
1644 4664 1768 4722 Natalem
1787 4667 1844 4723 on·

209 4767 346 4822 mnndum
365 4763 538 4836 judicaturus
553 4763 697 4821 nranilesta
723 4780 781 4821 sue
794 4765 931 4836 passionis
945 4765 1003 4819 rir-
1056 4757 1134 4824 mini,
1150 4757 1509 4829 inclroatcpreparntionem
1522 4759 1654 4814 adrentus
1666 4759 1720 4814 sui.
1740 4755 1844 4816 Dicitur

210 4866 271 4913 tute
290 4858 391 4929 inpios
403 4856 604 4916 condennabit.
617 4855 711 4911 Prrnn
732 4856 850 4914 autentu
871 4857 958 4912 latens
974 4857 1003 4912 in
1054 4849 1127 4905 coint
1142 4849 1200 4906 hac
1215 4848 1355 4906 honrntca
1370 4850 1541 4922 preparatio,
1557 4849 1621 4920 qnia
1631 4850 1667 4906 ah
1682 4851 1746 4907 hinc
1756 4869 1844 4923 usuro

209 4963 296 5004 cartre
310 4947 389 5019 quasi
408 4948 468 5003 oris
486 4962 580 5004 coram
602 4948 731 5003 tondente
745 4961 777 5003 se
791 4949 832 5003 sic
845 4947 1002 5015 obmutuit;
1054 4941 1087 4996 ati
1100 4939 1195 4995 Natales
1208 4940 1316 4996 Domini
1328 4939 1407 4996 debet
1422 4941 1538 5011 quisque
1554 4939 1726 4998 Christianus
1740 4945 1844 5000 sanclis

209 5037 345 5102 serundo,
361 5038 442 5108 quasi
456 5036 529 5094 Deus
552 5037 696 5094 manifeste
710 5039 800 5097 reniet
821 5047 848 5094 et
872 5039 1003 5094 nonsile·
1056 5033 1166 5088 studete
1189 5031 1268 5086 horris
1289 5031 1427 5101 operibus,
1455 5041 1486 5087 ut
1511 5031 1592 5102 digne
1618 5035 1784 5105 suscipiatur·
1809 5039 1843 5092 nh

208 5126 260 5184 hit.
275 5126 368 5182 Primo
390 5127 464 5183 enim
490 5128 607 5189 adventu
624 5128 698 5185 siluit
717 5127 920 5198 ajndicio,scd
947 5142 1002 5182 rrorr
1055 5136 1089 5178 co
1102 5122 1229 5177 Christus
1249 5129 1341 5177 natus.
1364 5119 1428 5176 Dec
1452 5121 1534 5193 igitur
1555 5121 1725 5180 hebdomada
1748 5127 1842 5197 quinta

209 5221 288 5277 siluit
299 5237 314 5275 a
327 5229 476 5291 precepto;
489 5221 610 5275 secundo
634 5221 715 5290 quasi
738 5221 896 5290 parturiens
916 5220 1001 5291 lnqui-
1053 5221 1115 5268 ante
1127 5211 1221 5268 Natale
1241 5211 1350 5268 Domini
1364 5213 1393 5268 in
1406 5213 1526 5284 antiquis
1540 5215 1693 5270 nllicialium
1708 5215 1785 5271 lihris
1801 5216 1843 5270 in-

208 5323 267 5379 tur,
275 5313 340 5384 quia
349 5311 554 5369 sieutaitlsaias
566 5331 572 5366 :
585 5310 807 5370 ‹inciterahttur
818 5321 845 5367 et
857 5311 996 5380 damahit,
1052 5307 1187 5374 titulatur,
1203 5307 1297 5377 sicque
1308 5321 1426 5377 sequens
1437 5305 1607 5363 hebdomada
1618 5313 1717 5376 quarte
1728 5305 1841 5361 denota·

207 5417 237 5460 ct
250 5420 333 5474 super
355 5402 482 5458 inimicos
497 5417 564 5458 suns
586 5401 875 5474 contortabiturtlsoi.
888 5401 966 5471 xtrr).
987 5421 996 5453 r
1051 5408 1105 5455 tur.
1121 5397 1174 5454 Sed
1190 5399 1242 5455 hoc
1260 5413 1315 5454 non
1333 5408 1412 5454 uacat
1425 5399 1582 5471 emysteria
1598 5406 1699 5452 nostre
1709 5397 1842 5467 spiritalis

207 5496 233 5549 0
256 5508 305 5547 uox
329 5493 384 5548 diei
403 5490 512 5545 Domini
526 5506 632 5558 amara,
647 5491 823 5548 trihuiahitur
844 5493 881 5548 ihi
910 5491 997 5548 iortis.
1050 5491 1265 5562 praeparationis.
1278 5490 1307 5545 ln
1319 5492 1413 5562 quinta
1424 5487 1675 5548 enimhehdorunda
1689 5499 1841 5556 preparare

205 5584 279 5641 Nam
292 5585 366 5640 sicut
379 5583 417 5637 ait
435 5591 547 5639 senous
573 5582 658 5640 David
674 5603 680 5639 :
695 5603 704 5636 ι
719 5583 792 5655 ignis
805 5584 834 5638 in
848 5595 996 5655 conspectu
1053 5586 1094 5640 rel
1109 5584 1216 5639 initiare
1243 5599 1294 5640 nos
1320 5583 1452 5641 Debemus
1474 5591 1586 5654 propter
1602 5579 1724 5652 quinque
1747 5586 1840 5634 etates

207 5678 275 5749 ejus⁴
304 5662 473 5737 exardescet,
504 5681 555 5728 etc.
571 5673 657 5743 (Ptol.
681 5674 797 5743 xerxi.»
841 5671 998 5742 Tempestas
1052 5674 1158 5742 mundi,
1180 5675 1208 5730 in
1223 5674 1323 5745 quihus
1334 5675 1444 5732 luerunt
1456 5675 1523 5730 tales
1550 5672 1628 5729 electi
1649 5671 1695 5742 qui
1717 5669 1840 5726 credide-

207 5769 256 5832 ilin
279 5764 378 5840 inopius
403 5761 498 5836 procul
511 5761 682 5839 pellet,quia
707 5764 816 5822 tolletur
834 5765 936 5838 impius
961 5781 996 5824 ne
1052 5777 1127 5838 runt,
1141 5776 1168 5823 et
1199 5773 1386 5840 speraverunt,
1401 5765 1594 5823 etdilexcrunt
1611 5763 1759 5820 adventurn
1783 5760 1837 5818 Do-
