4017 6342
154 259 224 316 1151
624 257 913 318 DEFLORA'llONES
932 260 983 319 SS.
1004 261 1160 320 Putabat.
1178 294 1214 305 -
1234 262 1297 320 LlB.
1318 259 1351 320 tt.
1592 267 1595 274 '
1727 277 1795 332 ttttt

153 386 245 437 autem
256 375 492 448 appropinquaret
507 383 592 446 portte
612 375 741 442 civitatis,
759 389 824 434 cecc
852 374 989 436 delun-A
1042 396 1051 431 v
1067 376 1100 433 Et
1108 379 1174 434 exiit
1186 379 1230 435 bic
1250 395 1341 436 sermo
1356 381 1383 438 in
1403 379 1557 438 universam
1570 382 1692 442 iudaeam
1707 390 1740 446 de
1750 408 1794 460 eo,

154 479 200 526 tus
218 465 383 523 efferebatur
400 467 473 522 lilius
500 465 598 522 unicus
616 467 714 524 matris
739 482 807 522 snae.
837 463 871 522 Et
891 466 949 522 baec
999 477 1027 522 ct
1042 483 1150 524 omnem
1168 471 1239 528 eirca
1254 471 1405 544 regionem,
1428 471 1511 530 idest
1534 475 1561 529 in
1583 491 1692 532 onmem
1709 481 1795 552 regio

153 561 236 618 vidua
259 566 349 614 erat:
377 566 405 613 et
431 556 511 612 turba
543 558 662 613 civitatis
698 558 782 614 multa
811 573 875 614 eum
903 557 948 614 illa
999 573 1062 614 nom
1081 561 1152 616 eirea
1167 561 1324 618 iudaeam.»
1344 563 1495 636 allegorice
1509 564 1559 622 luit
1573 569 1795 642 appropinquare

154 653 222 725 (Lac
235 651 313 724 utel.»
327 649 405 706 Naitu
428 649 524 706 civitas
539 659 581 706 est
592 648 711 706 Galilcae.
726 649 888 713 Detrectas,
899 649 948 720 qui
998 651 1092 708 Jcsnm
1111 664 1196 724 portae
1218 656 1346 723 civitatis,
1371 658 1445 728 qnod
1461 656 1579 713 Verbum
1603 677 1667 716 carn
1691 663 1794 720 laetum

153 759 248 801 coram
262 743 359 800 multis
373 751 452 798 extra
468 751 547 813 porta
560 742 682 809 cliertur,
705 741 841 814 sigttilieat
854 742 948 796 crimi·
999 744 1126 813 gentilem
1153 745 1284 814 populum
1313 762 1361 816 per
1384 755 1477 816 portas
1506 747 1568 802 [idei
1595 749 1630 802 ad
1654 751 1793 808 coelestem

152 837 253 892 naliter
265 842 424 906 peccantem
442 843 469 888 et
487 833 636 889 multorum
660 833 765 888 notitias
791 849 840 904 per
864 833 948 888 verba
998 828 1168 888 Hierusalem
1184 833 1301 888 induxit.
1321 833 1390 890 Ecce
1414 833 1545 892 iudaicus
1559 837 1653 907 junior
1677 844 1793 912 populns

152 926 383 998 etopera,qnasi
416 925 552 997 perostia
580 940 638 982 suae
661 925 947 996 civitatis,peccatnm
997 923 1268 992 perfidiadelunctns
1285 924 1551 996 effertur,quoniam
1569 940 1655 985 mater
1669 931 1792 988 Ecclesia

151 1016 352 1089 propalantem.
365 1015 419 1082 Qui
435 1015 504 1070 beuc
522 1015 619 1071 unicus
637 1015 801 1072 tuatrissnte
818 1019 947 1088 perbibe-
998 1015 1037 1069 nil
1053 1016 1080 1070 in
1098 1017 1200 1072 mundo
1215 1020 1293 1088 quasi
1308 1019 1448 1090 proprium
1472 1022 1625 1090 possidens,
1639 1026 1732 1080 titultis
1744 1041 1793 1096 po-

151 1117 209 1176 tur,
221 1109 288 1181 quia
304 1109 368 1164 licet
382 1117 471 1166 mater
486 1108 609 1164 Ecclesia
634 1110 735 1165 multos
753 1110 852 1166 babeat
875 1111 947 1170 lilios
997 1107 1125 1177 pulcrum
1141 1108 1228 1164 turbis
1247 1109 1349 1164 circum
1376 1121 1451 1180 septa
1464 1112 1509 1181 pio
1522 1111 1620 1169 allecto
1639 1116 1737 1185 plorat,
1765 1127 1792 1172 et

151 1203 243 1258 bonos
253 1211 280 1257 et
294 1201 394 1265 malos,
416 1215 467 1270 pro
482 1216 536 1254 una
558 1209 649 1255 tamen
663 1215 780 1269 persona
793 1203 859 1257 mali
874 1206 947 1260 acci·
997 1201 1031 1256 ad
1047 1201 1131 1254 vitam
1153 1217 1282 1257 revocare
1297 1203 1419 1270 laborat;
1432 1205 1505 1274 quod
1520 1213 1546 1259 ει
1559 1207 1667 1260 interim
1685 1209 1711 1262 in
1725 1225 1793 1278 pau-

151 1293 276 1364 piuntur,
302 1300 437 1363 quantum
461 1293 495 1347 ad
510 1291 643 1347 malitiam
659 1293 799 1361 pertinet:
814 1298 946 1366 quemad·
997 1293 1038 1347 cis
1052 1291 1208 1348 lutiteorum
1223 1297 1374 1360 conversis,
1394 1305 1420 1350 et
1434 1298 1543 1350 tandem
1569 1298 1597 1350 iu
1622 1299 1793 1368 plenitudine

152 1386 267 1440 mutam
281 1384 364 1440 etiam
377 1384 442 1439 boui
458 1399 513 1438 uua
526 1399 641 1454 persona
662 1385 835 1450 accipiuntur
846 1404 946 1444 secuu-
997 1383 1133 1453 impetrat.
1151 1383 1240 1440 Locus
1252 1401 1307 1455 qno
1319 1385 1440 1443 defertur
1458 1405 1558 1460 corpus
1573 1401 1616 1446 est
1630 1393 1792 1462 lutmanmn,

151 1476 218 1531 dum
236 1476 396 1531 bonitatem.
411 1474 444 1530 Et
456 1475 559 1530 electus
577 1475 702 1544 quilibet,
718 1478 829 1546 quaudo
843 1479 945 1533 imbui·
996 1477 1144 1545 portitores
1156 1485 1220 1530 sum
1232 1477 1296 1532 mali
1310 1493 1409 1545 mores,
1422 1481 1468 1551 qui
1490 1483 1523 1536 ad
1540 1491 1654 1538 mortem
1669 1485 1790 1541 trallunt.

152 1579 199 1623 tm·
208 1569 243 1623 ad
268 1567 361 1633 bilem,
376 1567 449 1622 lilius
461 1574 513 1633 est,
528 1567 637 1636 quaudo
648 1567 717 1622 alios
739 1569 838 1623 imbuit
857 1579 945 1625 mater
997 1564 1050 1621 Sed
1068 1565 1147 1622 tosus
1161 1567 1279 1622 loculum
1297 1571 1381 1639 tangit
1396 1587 1458 1626 cunr
1477 1571 1600 1645 lragilcm
1621 1585 1747 1630 naturam
1764 1576 1791 1630 in

152 1667 204 1714 cst.
223 1657 303 1714 Unde
323 1658 443 1713 Paulus:
462 1677 472 1709 t
492 1657 581 1713 lilioli
594 1660 659 1722 mei,
672 1674 743 1728 quos
759 1659 858 1715 iterum
880 1677 943 1730 par·
996 1673 1077 1712 emec
1088 1659 1177 1729 erigit.
1196 1658 1244 1714 llcl
1264 1662 1384 1732 tangitur
1398 1663 1506 1719 loculus
1523 1669 1622 1720 tuortui
1638 1669 1757 1723 ltotuiuis
1776 1683 1791 1723 a

151 1751 226 1807 turio
242 1750 318 1822 (Gal.
335 1753 383 1820 tv).
399 1769 410 1803 r
434 1748 502 1804 Cum
524 1749 607 1821 igitur
628 1734 1102 1816 bouinnauimiterstu-13Dco‚id
1118 1761 1160 1806 est
1176 1767 1223 1822 por
1236 1753 1339 1824 lignum
1355 1757 1457 1824 crucis,
1471 1759 1535 1827 qnia
1551 1762 1631 1829 periit
1646 1761 1728 1815 bermo
1743 1775 1791 1830 per

151 1845 238 1900 deaut
279 1857 409 1900 reuocare
430 1843 528 1907 malos,
551 1849 578 1896 et
608 1841 674 1897 boui
709 1853 797 1898 mater
823 1852 850 1898 et
880 1846 944 1900 titali
994 1842 1098 1914 lignum
1123 1847 1253 1916 paradisi.
1286 1847 1437 1904 Portitores
1460 1853 1562 1907 rttortui
1588 1863 1652 1910 sunt
1673 1863 1792 1925 quatuor

148 1933 339 1990 blinsunicus
351 1939 553 2000 nuncupantur.
579 1929 661 1986 Porta
676 1931 805 1999 civitatis,
824 1948 877 2002 qua
894 1934 944 1988 de·
994 1937 1138 2005 elementa,
1152 1953 1269 2008 quorum
1292 1939 1501 2009 intemperantia
1524 1952 1566 1998 est
1589 1945 1790 2006 irritamentum

150 2027 263 2083 [attactus
273 2025 395 2089 effertur,
411 2022 511 2094 aliquis
521 2031 564 2078 cst
577 2023 610 2078 dc
634 2023 830 2094 sensibusque
844 2025 943 2095 aliquis
993 2029 1124 2099 peccandi
1140 2029 1167 2082 in
1189 2029 1308 2085 bomine.
1330 2031 1409 2086 Stant
1421 2035 1578 2102 portitores,
1597 2037 1660 2106 quia
1675 2055 1728 2094 uon
1742 2057 1791 2096 va-

150 2121 178 2174 itt
192 2129 335 2189 peccatum
347 2114 462 2180 corruit,
480 2121 510 2168 ut
532 2115 580 2184 qui
602 2115 676 2169 ridet
688 2114 722 2170 ad
747 2116 940 2184 coucupisecn-
993 2120 1050 2174 lent
1064 2121 1136 2174 siout
1150 2121 1225 2189 prins
1239 2122 1273 2176 ad
1293 2131 1406 2178 mortem
1425 2126 1543 2180 trahere.
1574 2125 1658 2198 Loqui
1674 2129 1736 2186 lesu
1748 2141 1791 2190 cst

150 2213 226 2275 durat,
241 2210 290 2281 qui
305 2224 400 2263 aurem
414 2209 512 2264 otiosis
525 2209 568 2262 vel
584 2209 710 2279 turpibus
724 2209 878 2273 audiendis,
895 2208 942 2278 qui
993 2213 1098 2268 matuta
1113 2213 1210 2269 salutis
1225 2212 1379 2283 infundere,
1403 2217 1475 2274 unde
1488 2218 1633 2290 languidus
1654 2225 1688 2280 ad
1705 2228 1789 2283 vitam

150 2301 272 2372 linguam
290 2299 448 2356 commodat
479 2298 590 2369 litigiis,
620 2308 788 2368 ceterosque
811 2299 856 2368 qui
887 2314 941 2353 nou
993 2303 1206 2372 erigiturbonis
1226 2307 1385 2373 artibuqet
1406 2308 1446 2363 sic
1472 2309 1596 2365 redditur
1618 2315 1698 2368 matri
1722 2332 1787 2372 suae.

151 2399 359 2456 servatseusus,
375 2390 472 2446 mortis
485 2391 538 2446 sibi
559 2389 772 2446 reserataditus.
785 2387 881 2444 Ottrtvis
894 2389 942 2459 qni
993 2393 1101 2449 Timent
1129 2411 1235 2463 ornnes,
1263 2398 1328 2468 qnia
1354 2399 1437 2454 utrius
1456 2400 1581 2471 exempla
1606 2403 1684 2458 mutet
1700 2405 1789 2460 cot-ri.

152 2485 276 2540 meminit
293 2484 444 2540 Ecclesiam
463 2486 557 2554 spousi
579 2484 622 2538 sni
647 2495 734 2538 morte
762 2484 940 2552 redemptam,
992 2496 1103 2557 qtttatur.

151 2575 540 2648 agnoscateamesseriduam
563 2575 650 2645 liujus
662 2575 785 2629 miraculi
800 2574 943 2630 atttritilue-
1085 2579 1121 2634 De
1140 2582 1323 2650 urorieutibut,
1343 2582 1418 2637 etde
1444 2583 1517 2637 exitu
1537 2587 1699 2643 animarum

151 2680 215 2726 ruat
227 2679 320 2739 testes,
344 2678 373 2724 ut
395 2669 473 2723 multi
492 2668 588 2723 tierent
600 2667 648 2722 Dei
659 2669 822 2724 laudatores.
839 2668 941 2735 ‹viam
1029 2669 1169 2742 Scriptura
1192 2671 1279 2727 dicit:
1297 2690 1306 2724 t
1323 2671 1398 2727 beati
1422 2673 1523 2727 mortui
1547 2675 1594 2745 qui
1620 2676 1646 2730 iu
1671 2676 1791 2734 botnino

151 2781 214 2822 eum
229 2765 342 2820 vidisset
364 2762 509 2828 Dominus,
534 2755 722 2816 misericordia
742 2769 834 2817 utotns
859 2777 942 2832 super
991 2763 1148 2818 moriuntur
1162 2763 1254 2834 (Aper.
1270 2765 1364 2834 arvi.»
1388 2763 1417 2819 ln
1434 2762 1549 2822 Domino
1564 2768 1787 2842 moriunturqui,

151 2856 237 2920 illam,
259 2854 328 2909 dixit
347 2852 406 2908 illi:
435 2850 495 2906 Noli
512 2851 586 2906 bere.
606 2870 616 2902 v
638 2849 756 2906 Pulcbre
773 2851 941 2922 evangelista
992 2854 1020 2909 in
1035 2870 1117 2910 earne
1129 2855 1239 2925 quidem
1254 2856 1414 2924 morientes,
1429 2857 1455 2911 iu
1470 2855 1687 2916 ltominotamen
1699 2862 1790 2918 viven·

150 2945 299 3000 bominum
322 2944 401 3015 prius
425 2941 615 2998 misericordia
641 2951 746 2995 motum
773 2955 833 2995 esse
858 2956 941 3010 super
991 2955 1033 3000 tes
1048 2946 1233 3004 inveniuntur.
1249 2945 1320 3013 Quid
1334 2959 1376 3002 est
1392 2947 1419 3001 iu
1434 2945 1550 3004 Domino
1561 2949 1573 3002 i
1584 2948 1611 3005 ld
1627 2951 1707 3007 estin
1721 2951 1788 3022 tide,

150 3047 279 3103 matrem,
292 3051 325 3092 ac
342 3037 383 3092 sic
404 3035 490 3089 lulium
509 3034 644 3088 suscitare
657 3039 783 3098 testatur,
796 3039 826 3085 ut
843 3032 869 3084 in
886 3047 940 3086 nno
991 3043 1019 3088 ct
1033 3051 1080 3105 spe
1095 3045 1121 3090 et
1134 3037 1275 3092 charitate.
1292 3035 1344 3092 Pcr
1359 3037 1411 3092 ista
1422 3038 1494 3093 euim
1510 3039 1610 3095 vivitur
1625 3039 1652 3096 in
1672 3042 1717 3098 illa
1733 3044 1788 3100 vita

149 3131 231 3186 nobie
250 3129 405 3200 exemplum
427 3126 565 3181 intertum
586 3127 696 3196 pietatis
718 3124 896 3192 ostendcrct;
911 3124 937 3178 in
991 3126 1158 3194 quavivitnr
1177 3125 1204 3181 in
1223 3124 1349 3183 Domino.
1369 3125 1417 3182 Est
1439 3129 1563 3198 quaedam
1587 3131 1641 3186 vita
1657 3149 1711 3202 qua
1726 3149 1789 3190 cor·

148 3223 235 3278 altero
248 3221 328 3278 lldem
344 3221 474 3276 mirandae
488 3218 596 3289 pietatis
615 3225 760 3274 astrueret.
989 3233 1042 3287 pus
1057 3218 1121 3271 vivit
1134 3233 1165 3272 ex
1178 3218 1280 3286 attium,
1297 3227 1324 3273 et
1343 3227 1384 3274 cst
1406 3220 1530 3289 quaedam
1557 3221 1612 3276 vita
1627 3238 1680 3293 qua
1695 3226 1788 3281 anima

187 3312 236 3368 «Et
248 3313 368 3376 accessit
381 3322 408 3369 et
419 3311 506 3382 tetigit
519 3311 650 3366 loculum.
666 3307 699 3363 lli
710 3318 801 3365 antem
813 3309 860 3380 qui
874 3325 939 3381 por·
989 3309 1056 3363 ririt
1079 3325 1111 3363 en
1135 3307 1200 3365 beo.
1225 3307 1303 3366 Nunc
1322 3309 1432 3380 quidem
1446 3309 1507 3377 tide,
1520 3319 1546 3366 et
1560 3326 1607 3381 spe
1623 3321 1650 3367 ει
1665 3314 1788 3370 ebarita-

148 3406 398 3464 tabautstcterunt.
422 3403 568 3460 »loculus
589 3404 617 3458 in
635 3419 691 3472 quo
705 3411 830 3457 mortuns
844 3403 939 3458 elfere-
989 3407 1036 3467 te;
1053 3409 1146 3470 postca
1160 3415 1224 3455 vcro
1241 3415 1291 3470 pro
1302 3399 1354 3455 fide
1368 3409 1396 3456 ct
1416 3415 1474 3470 spe,
1487 3403 1727 3473 contemplatione,
1745 3421 1789 3461 rc-

147 3498 240 3566 bator,
254 3497 325 3552 male
338 3511 435 3552 scema
448 3495 581 3565 desperati
605 3493 757 3563 peccatoris
771 3491 938 3548 couscientia
989 3503 1119 3549 nvaueate
1138 3493 1292 3548 dilectione.
1310 3491 1369 3547 Non
1390 3491 1473 3564 igitur
1491 3508 1589 3550 nocere
1611 3505 1701 3567 potest
1727 3497 1790 3551 ani-

147 3599 202 3648 est.
229 3589 282 3656 Qui
293 3603 359 3644 vcro
383 3586 570 3658 sepeliendum
592 3593 704 3655 portant
728 3583 771 3637 vel
798 3584 939 3640 immunda
988 3601 1052 3650 mm,
1068 3587 1090 3640 si
1104 3601 1204 3654 eorpus
1222 3586 1305 3640 uitam
1321 3601 1399 3641 suam
1415 3585 1513 3655 perdit,
1533 3587 1643 3656 quando
1664 3587 1723 3658 ipsa
1744 3587 1789 3644 vi-

145 3681 282 3737 desideria
304 3687 369 3734 sunt
382 3693 444 3748 quae
460 3677 584 3732 boutincs
601 3677 709 3747 rapiunt
732 3675 759 3730 in
785 3674 937 3740 interitum,
989 3687 1045 3732 tam
1064 3693 1153 3742 suam,
1175 3676 1201 3730 iu
1219 3676 1281 3744 ilde,
1296 3688 1323 3734 ct
1337 3693 1385 3748 spe
1409 3687 1437 3732 et
1460 3677 1594 3734 charitate
1624 3681 1787 3749 persistens,

146 3771 335 3827 velvencnata
351 3767 484 3824 lenocinia
498 3767 707 3832 blandientium,
720 3782 782 3835 quar
795 3775 939 3836 peccantes
989 3782 1044 3820 non
1059 3767 1169 3821 amittit.
1193 3765 1278 3820 Nemo
1294 3783 1360 3838 erqo
1381 3769 1447 3822 mibi
1470 3769 1543 3825 dicat
1562 3789 1570 3824 ε
1593 3769 1645 3837 Qui
1672 3788 1787 3843 parvam

146 3863 227 3936 quasi
241 3877 338 3934 aggere
349 3869 429 3917 terrac
441 3862 572 3916 obruunt.
587 3859 705 3914 ltottrino
725 3859 847 3915 loculum
875 3867 937 3914 tau·
990 3859 1081 3924 tidem,
1098 3868 1125 3912 et
1140 3873 1215 3927 spem
1229 3873 1341 3927 parvam
1365 3867 1391 3912 ct
1417 3875 1528 3929 parvam
1552 3863 1714 3918 charitatem
1737 3865 1789 3920 ba-

145 3961 228 4024 gentc
253 3950 359 4006 iuuetis
385 3947 468 4020 bajuli
491 3957 647 4015 steterunt,
674 3947 739 4018 quia
770 3948 938 4004 couscientia
990 3947 1064 4013 lent,
1081 3963 1136 4003 non
1160 3947 1309 4002 saltantur.
1330 3945 1387 4018 Ego
1406 3963 1460 4002 non
1487 3965 1627 4006 mensuro.
1656 3953 1789 4011 Crcseaut

146 4055 248 4101 attacta
272 4044 420 4100 formidine
444 4043 554 4114 superni
589 4043 688 4112 judicii
724 4043 871 4098 revertitur
903 4041 938 4096 ad
989 4049 1122 4110 quantum
1140 4039 1243 4094 vadunt.
1270 4037 1378 4105 Quanto
1400 4039 1530 4110 maiores,
1554 4050 1630 4097 tanto
1646 4045 1785 4100 meliores.

145 4135 276 4205 seipsam,
300 4149 430 4191 coercens
450 4133 743 4203 carnalesvolnptates
769 4143 797 4187 ct
821 4132 938 4202 injustos
990 4131 1093 4186 Tamen
1107 4147 1157 4202 eqo
1180 4130 1239 4187 illos
1262 4131 1446 4187 condemnare
1461 4147 1515 4188 non
1531 4133 1618 4190 audeo
1636 4145 1784 4205 quantum-

145 4228 314 4283 laudatores.
989 4225 1031 4281 ris
1055 4224 1131 4294 parvi
1156 4224 1219 4280 sint.
1244 4223 1281 4278 Ex
1299 4239 1354 4294 qno
1375 4225 1431 4278 nati
1451 4235 1515 4280 suttt
1529 4241 1562 4281 ex
1578 4225 1643 4295 bea,
1660 4227 1707 4281 tilii
1722 4236 1787 4285 sunt

186 4337 196 4369 ι
214 4317 248 4371 lit
266 4318 305 4372 ait
320 4336 327 4371 :
343 4316 518 4381 Adolescens,
534 4315 581 4372 tibi
598 4316 670 4381 dico,
697 4331 787 4388 surge.
810 4314 844 4370 Et
864 4329 939 4370 resc-
989 4315 1047 4371 liei.
1067 4315 1147 4370 Putas
1160 4315 1224 4384 qnia
1237 4329 1351 4385 magnos
1372 4313 1442 4370 lilios
1458 4313 1529 4371 Deus
1543 4315 1668 4383 salvabit,
1682 4324 1709 4370 ει
1720 4333 1787 4387 par-

144 4411 186 4466 dit
196 4410 243 4480 qui
253 4417 312 4464 erat
321 4418 456 4473 mortuns,
466 4416 495 4464 et
507 4410 590 4476 coepit
605 4407 688 4476 loqui.
713 4406 747 4462 Et
767 4407 840 4462 dedit
861 4407 941 4473 illurn
954 4425 977 4480 ῃ
990 4421 1039 4462 vos
1061 4405 1274 4462 condemnabit?
1301 4404 1442 4475 Scriptura
1465 4405 1531 4461 milti
1547 4405 1630 4462 dicit:
1650 4425 1660 4458 e
1679 4404 1784 4477 lmper-

145 4503 229 4557 matri
240 4517 306 4557 suae.
321 4520 332 4552 a
354 4499 464 4555 licsidet
478 4499 524 4570 qui
539 4507 599 4554 crat
615 4508 741 4554 ntortuus
751 4515 815 4554 cum
829 4500 938 4554 iuterna
990 4498 1089 4554 lectum
1102 4513 1192 4552 ntcnm
1208 4497 1335 4552 viderunt
1349 4497 1421 4552 oculi
1434 4497 1484 4563 tui,
1496 4506 1523 4552 ct
1537 4497 1565 4553 in
1580 4499 1649 4554 libro
1663 4505 1710 4552 tao
1723 4513 1785 4554 om·

143 4593 356 4663 compunctione
366 4592 503 4648 reviviscit
512 4599 649 4661 peccator.
665 4589 763 4660 lucipit
775 4590 860 4660 loqui,
873 4606 938 4646 cum
989 4607 1039 4646 nes
1054 4591 1206 4646 scribentur
1221 4589 1309 4662 (Paul.
1326 4592 1494 4660 currenti.»
1520 4591 1550 4645 Si
1563 4605 1660 4645 omnies
1680 4605 1746 4661 erqo
1758 4602 1786 4646 ct

143 4685 265 4741 ostettdit
276 4700 307 4741 se
321 4685 410 4739 redire
422 4683 457 4737 ad
475 4697 567 4737 veram
580 4682 674 4736 vitam.
698 4679 830 4736 Redditur
843 4681 936 4747 matri,
989 4683 1081 4754 magui
1093 4691 1119 4738 et
1135 4683 1221 4753 parvi,
1234 4682 1299 4752 quid
1315 4691 1378 4737 este
1395 4682 1466 4738 oculi
1491 4682 1529 4737 tui
1544 4683 1685 4738 viderunt?
1702 4701 1712 4735 r
1728 4682 1785 4754 up-

143 4791 210 4832 eum
228 4793 276 4847 per
288 4774 457 4832 sacerdotale
471 4773 602 4845 judicium
617 4773 804 4829 communioni
818 4772 938 4830 sociatur
989 4775 1182 4845 probaverunt.
1199 4773 1270 4840 Quid
1285 4781 1328 4830 cst
1345 4791 1354 4824 ι
1369 4774 1396 4828 in
1411 4773 1481 4830 libro
1495 4774 1674 4828 scribuntur?
1691 4795 1700 4826 a
1725 4773 1785 4829 Sal-

143 4866 284 4923 Ecclcsiae.
971 4879 975 4886 ·
989 4866 1135 4921 rabuntur.
1156 4864 1228 4936 Ergo
1242 4865 1393 4935 impcrlccti
1405 4879 1516 4935 quoquc
1526 4866 1715 4921 salvabuntur.
1732 4865 1786 4934 Qui

184 4959 322 5028 «aceepit
337 4966 429 5014 auum
451 4971 552 5012 omnes
572 4955 653 5012 timor
676 4963 704 5012 et
726 4955 938 5026 magnificabant
988 4957 1061 5013 cuim
1076 4957 1226 5028 imperfecti
1242 4965 1317 5024 satu,
1333 4957 1435 5026 aliquid
1452 4965 1526 5021 sunt,
1544 4965 1572 5012 et
1592 4957 1676 5029 aliqui
1700 4967 1783 5014 sunt:

143 5051 244 5118 Deum,
257 5048 485 5116 diceuteszotria
500 5047 633 5120 propbeta
647 5062 762 5118 magnus
776 5049 896 5102 surrexit
908 5048 937 5102 in
987 5059 1015 5104 ct
1037 5049 1202 5104 innumero
1227 5057 1366 5120 ponuntur
1383 5056 1411 5103 et
1435 5050 1604 5104 scribuntur.
1633 5049 1686 5117 out
1715 5051 1784 5105 nibil

141 5143 234 5211 nobis,
250 5153 277 5198 et
289 5143 353 5213 quia
367 5141 570 5198 Densvisitavit
583 5140 688 5212 plebem
703 5153 792 5194 suain.
808 5157 819 5191 a
836 5139 937 5197 Omnes
987 5148 1063 5208 sunt,
1079 5141 1146 5196 nnlli
1161 5148 1246 5196 sunt:
1265 5155 1316 5196 nec
1338 5139 1420 5196 scribi
1441 5150 1488 5196 aut
1513 5143 1654 5198 navtuerari
1683 5142 1785 5196 balneat

141 5233 367 5305 magnificabant,
379 5233 406 5287 id
417 5241 461 5288 est
474 5231 625 5286 laudabant
635 5228 731 5295 Deum,
750 5231 815 5299 quia
832 5240 937 5301 quanto
987 5231 1035 5303 qui
1051 5231 1118 5286 nibil
1130 5231 1240 5286 babent.
1268 5229 1340 5303 Ergo
1358 5249 1367 5282 r
1383 5235 1458 5289 omtti
1474 5233 1585 5288 babenti
1610 5233 1728 5297 dabitur,
1755 5240 1784 5288 ct

141 5324 254 5396 gratior
267 5334 309 5379 eat
326 5339 420 5391 casua,
441 5332 518 5379 tanto
531 5323 618 5392 pictas
638 5321 768 5392 erigentis
786 5321 890 5391 gratior
910 5331 938 5379 et
987 5320 1137 5378 abundabit
1150 5321 1258 5393 (tlattlr.
1276 5323 1331 5393 av).
1347 5341 1357 5374 a
1374 5320 1455 5378 Ontni
1468 5324 1576 5380 babenti
1592 5324 1718 5378 meritum
1732 5321 1783 5378 da-

141 5430 208 5485 spea
222 5415 321 5494 salutis
334 5413 531 5484 poeuitentibus
542 5419 585 5467 est
599 5410 709 5467 certior.
726 5407 852 5468 Visitavit
865 5411 937 5470 licus
987 5413 1061 5470 bitur
1074 5413 1227 5484 praemium.
1242 5411 1300 5470 Non
1316 5414 1384 5471 airu
1399 5433 1406 5469 :
1422 5412 1537 5469 Habenti
1552 5428 1679 5484 magnum
1697 5415 1783 5469 uteri-

116 5508 261 5579 -plebem,
277 5515 305 5562 ct
323 5506 389 5561 dum
413 5504 532 5560 terbum
552 5519 634 5559 suum
657 5503 742 5560 semel
768 5503 937 5574 incorporari
987 5513 1046 5561 tum
1059 5505 1169 5560 dabitur
1179 5505 1332 5576 praemium,
1347 5512 1373 5560 et
1390 5519 1503 5576 parvum
1527 5503 1654 5559 nteritnm
1669 5502 1782 5561 habenti

138 5599 296 5664 constituit,
314 5606 342 5652 et
362 5595 483 5667 quotidie
498 5593 631 5665 Spiritum
652 5603 778 5652 mucium
803 5595 831 5652 in
853 5597 937 5652 corda
986 5613 1042 5653 non
1063 5597 1342 5653 dabitnrzscdomni
1360 5595 1481 5665 babenti,
1496 5595 1594 5667 inquit,
1611 5595 1729 5661 dabitur,
1753 5605 1782 5652 et

139 5701 238 5752 nostra
255 5689 391 5746 mutando
407 5697 437 5743 ut
454 5688 627 5744 sciscitemur.
987 5686 1146 5744 abundabit.
1160 5685 1232 5760 Ergo
1245 5687 1326 5745 etiam
1338 5686 1382 5743 ille
1393 5685 1439 5758 qui
1458 5699 1574 5755 parvum
1589 5683 1715 5741 meritura
1728 5683 1782 5741 lta·
