4017 6342
231 342 284 401 ars
784 334 948 391 wnnnnm
966 331 1115 390 assatas
1133 332 1161 390 s.
1183 332 1294 389 nnasn
1569 300 1577 317 ’
1821 335 1869 394 ou
1973 301 1974 316 '

230 460 329 518 similis
342 454 481 513 Altlssfmo
492 450 561 523 (faa.
575 450 642 521 rra).
657 467 667 503 a
689 448 813 506 Fuerunt
823 450 896 505 enim
909 462 1024 505 consen·
1040 450 1064 512 Α
1078 447 1160 503 homo
1172 447 1263 503 locum
1287 444 1389 503 summi
1407 447 1495 520 angeli
1509 446 1652 518 supplerit.
1672 444 1727 502 hlii
1743 460 1811 504 reto
1822 450 1869 506 ho-

231 553 331 609 tientes
344 548 370 604 ei
391 562 425 602 er
448 542 550 615 angelis
567 541 627 608 alii;
642 541 700 611 qui,
718 556 781 597 cnm
795 539 851 597 Deo
863 540 967 597 similes
981 555 1027 595 vo-
1079 540 1167 595 mines
1178 538 1321 596 inferiores
1333 539 1494 596 inferiorum
1505 540 1631 595 ordinum
1643 540 1753 595 ruinam
1764 548 1869 595 restau-

230 642 323 696 lebant
337 635 393 691 lieri
406 642 432 689 et
454 633 571 701 impares
583 627 697 701 angelis,
712 630 833 685 minores
846 627 934 684 eflecti
949 635 1024 683 sunt.
1078 636 1219 685 naverunt.
1239 628 1332 701 ltaque
1346 630 1474 686 christus
1499 630 1649 687 secundum
1673 630 1870 687 human-,m

229 731 263 785 Et
286 729 392 799 primus
414 723 458 779 ille
478 721 591 793 angelus
617 728 645 776 et
661 720 705 777 sui
731 719 877 792 complices
896 720 930 775 dc
945 719 1026 788 coelo,
1078 720 1161 775 etiam
1179 735 1261 790 snper
1283 736 1379 777 omnes
1394 728 1534 776 creaturas
1545 727 1597 776 est.
1616 719 1697 776 Unde
1707 721 1747 776 ait
1759 719 1871 778 Psalmi·

228 821 290 877 aliis
311 815 392 874 bonis
416 814 559 885 spiritibus
571 811 786 879 remanentibus,
812 808 1027 877 ceciderunt,ita
1079 820 1144 868 sta:
1163 810 1285 868 «Omnia
1311 812 1452 884 subjecisti
1480 813 1532 868 sub
1556 814 1672 884 pedibus
1699 812 1763 884 elus
1788 813 1868 884 (Pasa

228 911 301 983 quod
310 910 343 965 dc
351 905 723 979 singulisnovemordinibus
731 902 888 975 angelorum
896 902 1029 959 cecidisse
1077 903 1175 974 varri·
1197 902 1251 960 Sed
1274 903 1347 960 Deus
1367 904 1457 976 major
1468 912 1510 960 est
1522 912 1550 961 et
1567 905 1738 976 superioreo
1754 904 1869 973 homine,
1973 897 1974 962 ἶ

229 1002 366 1059 oredmur.
390 998 484 1071 ltaque
504 1012 568 1054 cum
589 1004 683 1052 essent
696 1004 760 1051 octo
771 994 892 1061 ordines,
905 992 940 1049 de
954 1006 1028 1049 nono
1079 998 1163 1055 Pater
1174 1014 1239 1056 uero
1253 998 1377 1056 etFilius
1393 1007 1423 1056 et
1445 998 1564 1070 Spiritus
1586 1008 1709 1068 sauctus,
1724 1000 1870 1056 secundun

229 1092 354 1148 decimus
371 1091 524 1157 lucanses,
538 1086 688 1159 filiiflii,
701 1096 729 1143 θῑ
751 1086 786 1142 ἃᾶ
809 1086 900 1141 l⁰⁰¹¹m
919 1084 1028 1139 ill⁰i¹¹¹n
1078 1091 1249 1147 divinitatem
1274 1099 1325 1148 est.
1355 1090 1434 1147 Unde
1448 1089 1594 1161 Apostolus
1614 1091 1671 1146 ait:
1688 1109 1699 1142 ι
1717 1087 1799 1147 Tunc
1820 1091 1872 1162 ipse

174 1210 177 1223 ·
229 1182 411 1255 supplendum
434 1181 525 1238 factus
546 1179 697 1235 esthamo.
717 1177 771 1245 Qui
796 1177 849 1233 nisi
874 1182 1026 1247 peccasset.
1079 1180 1166 1239 Filius
1186 1183 1327 1254 subjectns
1352 1184 1405 1240 erit
1428 1183 1467 1239 illi
1493 1183 1541 1254 qui
1565 1182 1683 1254 subiecit
1705 1182 1759 1240 sibi
1786 1185 1870 1240 omnia
1973 1169 1974 1218 Ψ

230 1288 328 1331 omnes
342 1274 410 1331 salvi
421 1273 548 1339 inissent,
563 1280 591 1327 ει
603 1270 707 1341 angelis
721 1268 825 1325 similes
841 1276 869 1323 et
886 1267 1030 1321 immorta·
1080 1272 1107 1345 (ι
1121 1274 1183 1329 Ger,
1199 1274 1256 1345 xv),
1272 1293 1282 1326 a
1301 1273 1449 1330 nominum
1464 1282 1555 1329 autem
1567 1274 1683 1331 aliorum
1693 1274 1815 1331 altignis
1827 1291 1870 1346 pm

229 1368 271 1423 les
282 1375 383 1423 essent.
403 1364 462 1423 Nisi
472 1364 546 1421 enim
557 1374 683 1434 peccaret
693 1361 780 1417 Adam
790 1362 817 1416 in
830 1359 969 1431 paradiso,
982 1357 1027 1411 vi·
1079 1365 1185 1421 meritis
1198 1366 1354 1436 superiores
1376 1375 1459 1421 erunt
1474 1381 1537 1421 cum
1560 1366 1622 1422 aliis
1640 1366 1735 1437 positi.
1754 1364 1833 1423 Unde
1845 1368 1870 1425 in

231 1460 352 1517 reretdo
371 1460 463 1516 fructu
477 1456 618 1522 arborum,
634 1465 662 1511 et
673 1454 743 1510 filios
757 1453 817 1509 sine
832 1450 1031 1521 coucupiscen—
1080 1453 1227 1528 Evangelio
1244 1474 1251 1511 :
1268 1474 1278 1509 t
1293 1456 1323 1512 ln
1334 1457 1417 1513 domo
1437 1456 1527 1514 Patris
1542 1457 1596 1513 mei
1610 1458 1772 1513 mansiones
1787 1457 1871 1513 molta

231 1553 269 1609 tia
281 1560 433 1624 generaret,
459 1558 486 1606 et
508 1557 598 1604 tamon
613 1546 813 1617 unusquisque,
825 1544 854 1598 in
870 1550 942 1598 terra
965 1554 1030 1611 pet-
1081 1556 1145 1604 sunt
1159 1547 1250 1619 (lona.
1265 1548 1332 1620 arv).
1344 1568 1354 1601 a
1367 1548 1402 1605 Et
1414 1548 1479 1605 alibi
1493 1566 1501 1604 ε
1515 1566 1526 1602 ι
1539 1548 1573 1604 Ει
1584 1559 1665 1605 emant
1675 1565 1774 1606 omues
1784 1565 1869 1620 equa·
1973 1597 1974 1600 ,

233 1654 365 1708 maneret,
377 1645 465 1701 donee
478 1642 513 1699 ad
527 1641 674 1698 terminum
685 1638 875 1697 constitutum.
902 1635 1027 1702 Qualiter
1080 1638 1121 1695 les
1132 1640 1235 1711 angelis
1246 1639 1323 1711 (Luc.
1334 1640 1393 1711 rr).
1407 1657 1418 1693 a
1440 1638 1471 1695 st
1489 1640 1613 1712 quaeritis
1623 1650 1691 1709 quot
1701 1640 1772 1697 salvi
1786 1650 1869 1709 erunt,
1973 1637 1974 1678 ι

234 1748 325 1797 autem
349 1738 500 1810 gignerent,
533 1735 557 1792 si
587 1734 615 1791 iu
634 1733 762 1805 paradiso
793 1728 1032 1803 permansissent?
1081 1731 1124 1786 rel
1134 1739 1202 1802 quot
1213 1732 1312 1788 animae
1326 1732 1361 1789 ad
1374 1733 1474 1790 caelum
1487 1732 1659 1804 perveniant,
1674 1733 1770 1790 audite
1785 1733 1870 1805 Augu·
1973 1763 1974 1802 ;

235 1828 470 1897 Quemadmodum
480 1840 579 1882 manus
591 1822 696 1890 manui,
709 1822 746 1878 ita
758 1822 817 1877 sine
830 1818 1028 1890 eorreupisoen·
1041 1802 1064 1862 Β
1078 1824 1180 1880 stinum
1198 1843 1205 1879 ι
1223 1844 1234 1877 ι
1251 1824 1324 1893 Quot
1337 1828 1427 1899 angeli
1440 1826 1478 1883 ihi
1496 1826 1791 1899 remanserunt,*,tanta
1814 1826 1869 1885 illue
1973 1867 1974 1870 ,

231 1923 268 1978 tia
281 1922 479 1993 jungerentur;
504 1927 532 1974 et
558 1914 740 1973 sicutoculus
755 1912 870 1969 scierat
884 1908 1028 1965 adriden·
1078 1930 1226 1973 aacensum
1246 1917 1366 1974 ereditur
1388 1918 1537 1976 multitudo
1555 1920 1711 1988 hominum,
1732 1929 1762 1975 et
1779 1919 1869 1989 singuli

231 2016 308 2082 dum,
323 2015 360 2070 ita
374 2014 433 2071 sine
448 2009 627 2068 delectatione
648 2007 715 2063 illud
726 2003 855 2063 sensibile
871 2000 1027 2057 membrum
1078 2006 1194 2079 singolis
1213 2008 1356 2065 ordinibus
1378 2010 1538 2081 angelorum
1550 2010 1777 2077 associabuntur,
1796 2020 1869 2081 prout

232 2118 371 2183 perageret
384 2106 503 2163 officinm
522 2118 614 2171 suum,
627 2102 721 2173 sicque
743 2100 803 2157 sine
818 2097 912 2154 dolore
924 2096 1029 2165 absque
1079 2098 1226 2156 inmeritis
1241 2116 1257 2155 a
1276 2100 1333 2156 beo
1350 2100 1555 2171 discernuntur,
1582 2103 1654 2158 sicut
1676 2103 1814 2173 scripturn
1834 2110 1871 2158 est

232 2202 312 2261 sorde
327 2207 464 2273 parerent.
491 2196 571 2254 Esset
590 2196 682 2253 infans
699 2194 737 2250 ita
752 2190 850 2249 debilis
874 2198 901 2247 et
917 2205 971 2245 non
988 2188 1029 2244 lo·
1078 2188 1106 2243 in
1131 2190 1291 2260 propbeta:
1319 2190 1423 2246 Statuit
1445 2194 1569 2249 orminos
1594 2193 1713 2265 gentiam
1737 2194 1870 2247 matam
1973 2231 1974 2252 ,

232 2289 543 2365 quens,utnunelllor
557 2280 1029 2349 utnascereturambularet,etah·
1079 2296 1217 2336 numerum
1237 2280 1355 2353 filiorum
1370 2283 1421 2340 Del
1438 2284 1528 2357 (flent.
1554 2286 1634 2357 ratu).
1664 2285 1730 2341 llaec
1748 2293 1793 2342 est
1815 2300 1870 2357 crgo
1973 2335 1974 2370 5

233 2386 322 2443 solute
341 2384 510 2453 loqueretur,
525 2388 554 2436 et
575 2388 672 2435 contra
694 2376 818 2449 singulos
845 2374 969 2431 delectus
994 2372 1030 2427 de
1079 2372 1206 2442 iliadies,
1221 2372 1321 2432 fratres
1340 2376 1507 2446 charissimi,
1521 2378 1705 2449 inquanuina
1717 2378 1867 2450 angelomn

232 2474 315 2547 lignis
328 2472 366 2529 ibi
386 2472 483 2543 positis
498 2477 632 2535 uteretur,
642 2477 669 2525 et
681 2467 792 2539 praefluo
806 2479 822 2520 a
838 2463 894 2521 Deo
905 2472 1029 2533 tempore
1079 2470 1230 2519 restaurata
1244 2474 1297 2533 cst,
1315 2466 1343 2522 in
1362 2482 1417 2538 qua
1438 2468 1596 2539 angelorum
1620 2468 1720 2524 militia
1739 2468 1869 2524 consortio
1973 2501 1974 2534 ,

232 2564 350 2636 deligato
360 2564 422 2619 ritae
436 2562 537 2631 ederet,
549 2567 576 2617 et
588 2559 629 2616 sic
639 2558 667 2613 in
682 2572 737 2614 uuo
759 2564 833 2615 statu
848 2553 1029 2627 postmodum
1080 2554 1223 2611 hominum
1239 2556 1329 2613 laetata
1342 2567 1395 2618 est.
1407 2557 1471 2615 llaec
1480 2567 1522 2618 est
1535 2558 1582 2617 illa
1595 2558 1806 2633 festivitasque
1818 2560 1869 2616 fona
1973 2571 1974 2608 t

232 2663 412 2731 permaneret.
433 2655 467 2709 Et
486 2652 745 2710 tandiudebuerunt
765 2664 827 2706 esse
839 2647 867 2704 in
891 2646 1029 2718 paradiso,
1082 2645 1206 2701 omnium
1218 2646 1397 2705 festivitatum
1410 2658 1453 2706 est
1466 2650 1595 2720 aliarum,
1615 2652 1675 2708 sine
1700 2668 1757 2724 qna
1777 2653 1869 2708 utilitas
1973 2715 1974 2728 2

234 2763 379 2820 quousque
397 2745 555 2817 impleretur
569 2756 701 2799 numerus
719 2740 878 2811 angelorum
896 2738 945 2810 qui
960 2736 1031 2793 ceei-
1080 2736 1204 2793 omnium
1218 2738 1327 2809 perires
1336 2738 1395 2797 Nisi
1409 2742 1482 2797 enim
1493 2750 1565 2800 esset
1581 2758 1717 2800 aseensus
1727 2744 1867 2809 ineoelnm,
1973 2745 1974 2762 ¹

141 2906 148 2915 ,
234 2842 342 2906 derant,
357 2838 442 2895 etllle
457 2851 589 2895 numerus
603 2835 752 2891 electorum
767 2831 816 2903 qui
834 2836 893 2886 erat
915 2828 1031 2900 implen—
1080 2844 1161 2885 cassa
1185 2840 1260 2887 esset
1281 2834 1421 2900 nativitas,
1448 2834 1618 2892 infructuosa
1645 2834 1751 2907 passio,
1776 2835 1869 2891 inullis

234 2932 297 3001 dus,
314 2930 337 2987 si
349 2928 437 3001 angeli
449 2942 504 2985 non
516 2926 689 2983 cecidissent.
706 2920 851 2990 Quotrrodo
863 2926 954 2976 summ
967 2932 1031 2990 pos·
1079 2923 1255 2980 resurrectio.
1277 2923 1341 2981 llaee
1353 2934 1395 2982 εει
1406 2934 1480 2981 muta
1495 2928 1568 2998 quod
1579 2928 1739 2998 intempore
1756 2926 1869 2984 silvestri
1973 2921 1974 2966 l

235 3032 277 3079 set
293 3022 436 3094 paradisus
447 3032 544 3076 omnes
555 3016 672 3088 caperel
691 3014 770 3070 Sicut
794 3027 868 3068 nutrc
892 3010 1032 3084 generatio
1081 3014 1197 3084 papaein
1209 3014 1315 3071 honore
1326 3016 1507 3085 ascensionis,
1520 3016 1709 3088 quinta‘fcria,
1721 3032 1772 3089 per
1783 3018 1869 3089 siugu-

234 3129 283 3186 per
293 3123 420 3180 rnortom,
438 3112 523 3167 idest
539 3107 693 3176 moriendo,
710 3105 840 3177 praeterit,
852 3112 879 3161 et
893 3102 1031 3176 generatio
1082 3104 1125 3161 las
1139 3104 1325 3162 hebdomadas
1339 3106 1377 3161 ita
1394 3107 1508 3164 celebris
1521 3108 1685 3176 habebatur,
1709 3108 1782 3165 sient
1801 3122 1870 3163 nunc

234 3220 284 3275 per
298 3204 391 3272 ritant,
406 3203 486 3259 idest
499 3201 648 3268 nascendo,
667 3198 786 3263 advenit,
800 3198 837 3255 ita
853 3203 919 3252 tunc
937 3162 1068 3267 paren·c
1084 3196 1226 3254 Dominica
1236 3198 1294 3255 dies
1306 3198 1335 3254 in
1344 3200 1505 3255 memoriam
1517 3200 1740 3257 resurrectionis.
1756 3200 1870 3272 Gangra-

235 3303 277 3351 tes
288 3294 316 3349 in
328 3294 469 3350 meliorem
485 3300 810 3358 statnmassumcrentur;
822 3288 870 3343 lllii
885 3301 949 3342 vero
962 3300 1033 3355 prac-
1083 3292 1204 3347 talemnr
1214 3290 1329 3362 angelis,
1341 3290 1388 3362 qui
1399 3290 1532 3347 hodierna
1552 3291 1597 3348 die
1618 3308 1682 3348 cum
1703 3306 1869 3362 manegau-

235 3385 313 3441 llnito
323 3380 652 3456 temporequodcreditur
663 3381 736 3438 cirea
750 3380 862 3451 triginta
876 3392 962 3433 annos
972 3382 1035 3447 post
1084 3382 1130 3439 dio
1148 3392 1323 3440 occurrentes
1335 3381 1419 3452 regali
1441 3378 1511 3439 Filio
1523 3383 1682 3441 ascendenti
1699 3383 1732 3439 gd
1750 3382 1864 3438 Patrem,

236 3492 314 3535 esum
332 3476 397 3549 ligni
407 3478 469 3533 vitae
480 3476 538 3533 suis
549 3474 667 3546 posteris
691 3474 829 3539 calerent,
840 3479 868 3526 et
887 3468 922 3525 ad
943 3478 1034 3525 eatre-
1075 3473 1219 3531 'bixerunt
1236 3474 1309 3530 enim
1325 3492 1333 3530 ς
1348 3475 1490 3543 ‹Quisest
1501 3475 1553 3532 iste
1572 3473 1630 3530 Rex
1642 3474 1768 3547 glorias,
1780 3473 1868 3547 (peel,

236 3584 312 3625 mum
323 3582 418 3623 omnes
427 3566 527 3637 pariter
537 3564 639 3636 angelis
651 3564 678 3619 in
693 3564 769 3620 ecelis
778 3570 995 3634 coaequarentur,
1006 3568 1034 3617 et
1086 3568 1188 3639 narrt.)
1224 3568 1277 3624 dlii
1298 3568 1444 3625 bominum
1472 3570 1635 3629 comitantes
1658 3569 1869 3641 responderunt:

236 3660 264 3715 ln
277 3659 376 3715 ooelum
391 3658 447 3712 nivi
464 3655 687 3712 translcrrentur.
708 3654 761 3711 Sed
775 3662 904 3726 peccante
920 3653 1032 3709 homine
1087 3676 1096 3710 ι
1111 3658 1245 3715 Dominus
1261 3658 1341 3715 fortis
1353 3668 1381 3715 ot
1392 3668 1499 3731 potens,
1514 3660 1756 3732 hominuspotens
1766 3662 1794 3718 in
1805 3678 1872 3733 prae·

235 3750 359 3819 ingressa
379 3754 420 3801 cst
434 3761 509 3802 mors
528 3748 555 3802 in
570 3746 713 3815 mundum,
728 3746 808 3817 periit
829 3744 1031 3814 immortalitas,
1081 3748 1120 3804 lio
1139 3749 1244 3822 (ibid.);
1260 3768 1270 3803 a
1284 3758 1312 3806 et
1335 3766 1399 3807 rere
1421 3751 1525 3807 exstitit
1540 3751 1628 3807 Filius
1640 3754 1725 3824 regis.
1746 3750 1798 3809 Sed
1810 3753 1871 3824 quid

235 3836 496 3909 perlitasconsusin
512 3836 621 3893 eoelum.
645 3836 698 3892 Sed
710 3835 1033 3893 Deussummamiscri-
1082 3838 1154 3893 ualet
1165 3839 1290 3896 liberatio
1301 3842 1449 3909 sociorum,
1459 3842 1513 3898 nisi
1523 3842 1676 3899 efficiamur
1687 3844 1757 3901 socii
1766 3842 1872 3901 eoruml

236 3928 337 3983 cordiae
350 3928 499 3998 hominem,
511 3929 593 3985 homo
606 3928 704 3999 factus,
717 3929 847 3997 redemit;
856 3943 904 4000 per
915 3936 1031 3983 mortem
1082 3930 1262 4002 haberemus,
1280 3935 1446 4005 citatissimi,
1456 3944 1487 3991 ut
1497 3938 1569 3994 sieut
1589 3954 1688 3996 sumus
1709 3940 1802 3997 eodan
1813 3955 1873 3996 sau-

236 4036 314 4076 suam
341 4032 457 4077 mortem
471 4031 593 4078 nostram
615 4022 760 4090 destruxit,
783 4037 832 4093 per
851 4021 1031 4077 resurrectio·
1082 4026 1165 4095 guinc
1181 4026 1324 4097 redempti,
1338 4028 1376 4083 lta
1396 4029 1492 4085 eodem
1513 4030 1628 4101 praemio
1648 4033 1820 4090 ascensionis
1839 4031 1873 4089 si·

235 4128 298 4167 nem
312 4113 545 4172 immortalitatem
567 4117 747 4187 recuperavit,
767 4132 816 4187 per
839 4116 1030 4172 ascensionem
1080 4130 1144 4171 mus
1167 4118 1381 4188 remunerandi,
1403 4128 1550 4191 praestante
1570 4120 1632 4195 ipso
1652 4120 1771 4182 Domino
1783 4132 1874 4181 notho

235 4202 340 4261 aditum
361 4205 439 4265 nohis
461 4206 490 4262 in
516 4207 616 4263 coelum
640 4206 714 4277 feeit,
739 4215 767 4263 et
792 4206 851 4277 ipsc
871 4204 1031 4262 Dominicus
1081 4201 1280 4264 lesuChristo.

1581 4436 1607 4468 ἱ

629 4488 885 4571 nontnlca
927 4485 1060 4569 POST
1106 4488 1479 4580 ascunsmtthna

870 4665 1248 4733 seeundum'loannem.

295 4832 364 4889 Cum
372 4832 478 4890 uenerit
487 4828 744 4901 Paracletus‚quem
751 4844 803 4903 ego
814 4838 920 4886 mattam
930 4830 1037 4889 uobisa
1051 4834 1183 4905 nplmes
1191 4848 1224 4889 ex
1238 4832 1280 4890 eis
1289 4832 1372 4890 faeiat
1394 4832 1423 4889 in
1442 4846 1489 4891 me
1508 4835 1632 4895 moero.
1652 4835 1736 4897 Venit
1759 4834 1878 4910 Spiritus

237 4924 327 4990 Patre,
340 4921 471 4994 Spiritum
484 4922 608 4978 remeatis
631 4922 706 4993 quia
725 4920 808 4978 Patre
827 4922 958 4993 procedit,
984 4922 1030 4978 ille
1079 4933 1195 4984 sanoms
1208 4935 1316 4996 monte,
1326 4926 1605 4986 utbeasnitttteum
1618 4928 1877 4997 haliacmonem

237 5014 423 5072 testimonium
438 5014 592 5085 perhibebit
611 5013 645 5069 dc
666 5028 711 5069 me
732 5011 824 5086 (ioan.
848 5013 930 5083 xvj.»
949 5010 1033 5069 Venit
1067 5034 1166 5089 quem
1177 5018 1271 5088 refert,
1285 5022 1396 5091 eoquod
1406 5020 1517 5092 ipsese
1534 5023 1650 5091 illoesa,
1661 5032 1690 5080 et
1704 5023 1780 5095 quad
1791 5021 1880 5094 spiri-

236 5108 264 5164 in
278 5108 323 5162 die
334 5106 508 5162 Pentecostes
521 5104 638 5176 Spiritus
650 5114 762 5163 sanetus
775 5106 804 5160 in
815 5116 925 5162 centum
936 5105 1031 5176 viginti
1077 5119 1130 5167 tus
1151 5114 1188 5168 ab
1208 5121 1325 5184 utroque
1346 5114 1479 5184 pmcne.
1504 5113 1811 5174 summaquense
1831 5130 1879 5186 per

236 5198 363 5253 homines
378 5205 571 5269 congregatos,
594 5196 621 5250 in
636 5196 736 5267 quihus
748 5204 776 5252 ει
799 5196 915 5267 apostoli
934 5207 1031 5252 omnes
1075 5204 1265 5275 prophetam:
1293 5204 1423 5262 «Goelum
1437 5216 1466 5263 aa
1489 5214 1592 5263 samm
1617 5222 1669 5280 ⁰8⁰
1685 5208 1784 5279 impleo
1809 5206 1879 5279 (ter.

236 5300 323 5346 erant.
343 5288 396 5357 Qui
420 5305 483 5346 cum
505 5291 607 5361 linguis
626 5290 815 5361 loquerentur,
832 5290 925 5361 plures
941 5304 975 5345 ex
986 5290 1031 5346 his
1084 5296 1193 5366 xxrrrt.»
1215 5294 1276 5363 Quo
1291 5298 1396 5353 missus
1410 5306 1454 5354 eat
1467 5297 1582 5354 nisiubi
1595 5299 1675 5355 erati
1690 5298 1721 5355 st
1732 5300 1766 5355 de
1780 5296 1880 5364 Patre,

236 5386 283 5457 qui
293 5386 407 5443 aderant
420 5394 496 5442 tanto
517 5385 650 5440 miraculo
672 5384 815 5455 stupefacti
837 5394 864 5441 et
879 5386 1031 5456 loquentes
1085 5386 1134 5441 ubi
1146 5387 1237 5457 potnit
1253 5404 1317 5444 osse
1330 5388 1390 5445 sine
1403 5389 1540 5460 sapientia
1551 5406 1613 5459 sua,
1641 5409 1652 5444 t
1667 5406 1722 5462 qua
1736 5391 1850 5463 attingit
1866 5406 1882 5445 a

235 5476 317 5533 Petro
346 5478 429 5535 eorde
443 5478 601 5549 compuncti
620 5478 744 5533 conversi
764 5486 829 5535 sunt
845 5486 873 5533 et
888 5478 1032 5549 indulgen·
1063 5478 1241 5551 lineasque
1257 5480 1424 5538 adamat.»
1447 5480 1682 5553 (Sap.rnr.)Sed
1707 5499 1798 5555 naue
1822 5484 1881 5539 sinc

236 5571 302 5623 tiam
313 5577 503 5640 perceperunt.
523 5568 581 5624 lloe
590 5583 654 5640 ergo
664 5570 774 5625 intuens
789 5569 922 5625 Dorulaus
933 5571 1030 5641 loquo-
1085 5571 1188 5642 Spiritu
1203 5588 1255 5629 suo
1272 5590 1389 5645 nsquam
1408 5590 1471 5631 esse
1491 5577 1589 5647 potata
1618 5576 1737 5649 Ergoct
1756 5576 1883 5648 spiritm

237 5656 318 5715 batur
342 5667 474 5731 tanlquam
496 5660 598 5716 diceret
610 5658 702 5715 rollo
725 5674 770 5717 me
789 5662 955 5729 habierunt,
981 5663 1030 5719 sed
1083 5666 1305 5721 sanuusmissus
1319 5674 1363 5721 est
1375 5665 1502 5721 abierat.
1519 5664 1598 5721 Urtde
1610 5665 1773 5723 Psalmisaa:
1792 5666 1883 5734 «Quo

239 5748 292 5805 tale
314 5752 348 5809 de
366 5762 411 5808 me
423 5752 589 5833 ‘Paracletus
603 5752 789 5809 testimonium
807 5754 976 5826 perhibebit,
1000 5764 1032 5811 nt
1084 5756 1131 5811 ibo
1145 5756 1341 5827 aspiritutuo,
1353 5765 1381 5815 ct
1394 5772 1450 5829 quo
1461 5756 1563 5815 afaoic
1575 5764 1622 5814 tua
1636 5756 1772 5833 fugiant»
1785 5754 1882 5830 (Psat-
