4017 6342
231 316 299 372 1155

795 247 998 350 WEnurm
1016 295 1162 352 ussurus
1180 297 1209 352 s.
1231 295 1342 352 ntusu

1830 293 1895 350 titt

229 432 286 498 M,
299 443 359 486 ,um
373 426 509 498 ,mmmm
524 401 658 482 ,coeperit
670 378 739 448 satls
752 365 906 471 ltaboffiq
925 412 1051 479 quamuis
1066 418 1088 470 Α
1103 411 1162 468 sola
1189 412 1353 480 subsistens,
1376 410 1410 466 ad
1430 411 1555 482 eorporis
1580 405 1791 464 vivificationem
1813 409 1894 468 cllusa

234 537 289 576 non
301 528 402 573 tantum
413 514 519 570 babebit
528 507 659 580 quantum
671 482 717 540 'ille
727 477 776 578 llll*
790 477 953 555 '¹¹³ttorrnr
966 504 1048 557 meri·

236 619 295 664 tum
317 609 432 663 babebit.
452 605 532 658 Solus
555 601 606 652 iste
628 571 782 643 excludatur
804 575 826 619 a
864 593 1050 664 percipiendo

238 701 350 771 praemio
361 697 407 768 qui
425 697 491 750 rribil
504 693 583 747 babet
595 686 629 742 de
644 671 753 735 urerllo·
801 671 904 773 stilles
916 698 982 757 ergo
1001 685 1050 755 qui

240 791 270 844 in
289 789 402 843 Domino
429 784 591 848 moriuntur,
609 771 684 832 beati
704 761 882 829 rumellum
908 786 972 847 past
993 793 1051 832 me·

244 879 327 934 ritum
357 876 466 933 rirtutls
492 872 651 944 perueniunt
675 861 709 919 ad
739 851 900 928 lllaefflittm
934 869 1051 924 beatitu-

245 967 328 1024 diuis.

282 1056 320 1112 lle
335 1056 408 1112 erite
422 1066 512 1112 autem
530 1055 683 1110 animarum
699 1041 778 1104 multi
791 1055 939 1112 quaerunt.
965 1051 1050 1107 blulta

248 1160 339 1206 auteur
350 1151 436 1222 quaeri
452 1159 586 1221 possunt:
603 1149 626 1204 si
638 1156 729 1202 tamen
740 1136 835 1198 omnia
849 1147 938 1214 quari
951 1146 1051 1201 debent

249 1259 313 1314 quae
324 1253 440 1313 possunt
454 1243 550 1312 quaeri.
571 1241 702 1309 Quaerunt
716 1233 846 1293 nonriues
859 1237 893 1293 de
904 1239 977 1294 exitu
990 1237 1050 1294 ani-

252 1349 361 1389 marum
375 1334 492 1404 qualiter
503 1349 519 1388 a
530 1332 660 1389 cordibus
675 1337 783 1394 exeant,
798 1333 826 1382 et
841 1344 898 1400 quo
918 1339 1050 1386 exeuntes

251 1433 377 1494 pergant,
398 1423 450 1490 rel,
472 1440 535 1478 eum
560 1422 734 1493 pervenerint
749 1436 804 1490 quo
823 1429 952 1492 pergunt,
983 1420 1049 1492 quid

252 1512 404 1580 inveniant,
416 1512 458 1566 vel
472 1513 537 1582 quid
551 1513 702 1582 percipiant
725 1519 773 1565 aut
797 1509 972 1565 sustineant?
995 1509 1050 1565 Sed

252 1603 312 1658 nee
336 1604 428 1658 omnia
450 1604 538 1674 magis
560 1603 680 1658 timenda
702 1609 767 1657 suut
785 1615 868 1671 quam
891 1602 1048 1672 querenda.

253 1691 316 1749 ldeo
329 1695 429 1765 quippe
444 1695 603 1749 abscondita
628 1701 702 1759 sunt,
717 1708 751 1748 ne
774 1701 933 1763 quaerantur
947 1701 994 1747 aut
1008 1693 1050 1747 in·

1103 518 1158 560 non
1175 513 1227 560 est.
1247 503 1363 571 Quando
1376 517 1441 559 rere
1462 504 1624 572 incorpore
1649 513 1704 554 noo
1717 507 1770 566 est,
1783 515 1835 556 non
1856 515 1896 558 εει

1102 595 1129 649 ιε
1142 596 1211 661 ιοεο,
1227 596 1291 666 quia
1306 597 1384 651 locus
1399 603 1510 650 nonest
1524 593 1578 649 nisi
1592 592 1622 646 in
1644 605 1768 660 corpore.
1783 591 1893 659 Quando

1101 695 1192 742 autem
1207 697 1284 742 extra
1304 703 1404 758 corpus
1420 695 1472 754 est,
1490 694 1519 741 et
1537 693 1616 740 cntra
1633 683 1724 740 locum
1750 693 1811 739 est:
1829 686 1895 741 inter

1101 779 1188 850 ipsam
1210 789 1237 836 et
1257 795 1357 850 corpus
1372 796 1427 835 nou
1442 788 1485 835 est
1499 779 1587 844 locus,
1607 785 1635 832 ct
1659 775 1801 845 aqualiter
1816 777 1894 832 distat

1102 871 1136 925 ab
1147 870 1223 926 omni
1238 885 1362 941 corpore,
1376 871 1440 940 quia
1453 871 1524 924 inter
1537 868 1626 938 ipsam
1640 877 1669 922 et
1682 881 1785 937 corpus
1795 869 1894 925 nullum

1101 969 1143 1018 est
1154 976 1263 1031 corpus.
1278 959 1307 1016 Si
1322 977 1387 1016 rero
1399 961 1469 1016 inter
1483 959 1571 1030 ipsam
1586 966 1614 1013 et
1626 972 1727 1027 corpus
1741 957 1845 1013 nullon
1856 971 1895 1016 εει

1102 1068 1213 1124 corpus,
1226 1060 1336 1108 constat
1352 1052 1475 1122 prolecto
1498 1052 1564 1122 quia
1586 1049 1658 1105 inter
1672 1049 1764 1120 ipsam
1780 1060 1808 1104 ει
1820 1065 1895 1106 ειεεε

1102 1159 1203 1216 corpus
1217 1145 1308 1199 nullus
1323 1153 1365 1200 est
1383 1145 1471 1212 locus,
1484 1141 1548 1214 quia
1569 1142 1647 1197 loeus
1661 1156 1717 1196 non
1733 1148 1777 1196 εει
1786 1141 1831 1196 ubl
1846 1159 1894 1198 non

1102 1243 1146 1291 εει
1166 1249 1276 1305 corpus.
1309 1232 1387 1290 Unde
1413 1233 1497 1304 igitur
1519 1240 1596 1287 extra
1622 1247 1706 1286 omne
1733 1246 1834 1302 corpus
1857 1243 1894 1288 est

1102 1335 1234 1397 quantum
1256 1327 1290 1382 ad
1304 1326 1404 1392 locum,
1428 1325 1568 1394 equaliter
1587 1339 1672 1394 prope
1686 1332 1729 1379 est
1741 1325 1817 1378 omni
1839 1341 1894 1380 eor·

1102 1423 1173 1492 pori,
1185 1424 1250 1494 quia
1266 1424 1289 1479 si
1305 1431 1380 1479 extra
1396 1438 1497 1494 corpus
1518 1423 1609 1493 posita
1637 1423 1684 1476 uni
1710 1424 1819 1492 corpori
1833 1438 1891 1492 pro·

1102 1513 1208 1584 ploret
1227 1514 1305 1568 alteri
1330 1513 1462 1568 remotior
1483 1522 1565 1579 esset,
1585 1514 1658 1568 intra
1674 1513 1765 1583 ipsam
1778 1513 1892 1584 prolecto

1102 1614 1240 1676 etcorpus
1270 1605 1388 1675 spatium
1415 1615 1498 1660 esset.
1524 1604 1553 1659 Si
1575 1605 1697 1674 spatium
1715 1612 1797 1671 esset,
1821 1606 1893 1662 lorus

1102 1705 1194 1764 esset;
1215 1695 1237 1752 si
1252 1697 1330 1752 locus
1347 1704 1428 1764 essct,
1445 1711 1547 1767 corpus
1568 1705 1650 1752 esset.
1672 1695 1702 1751 Si
1714 1705 1807 1752 eutero
1828 1700 1893 1754 inter

252 1791 409 1858 veniuntur,
426 1791 473 1846 sed
492 1790 650 1856 timeantur.
667 1789 736 1857 Quis
754 1790 829 1844 enlm
853 1805 968 1846 securus
988 1805 1050 1845 esse
1067 1765 1087 1820 Β
1103 1793 1190 1862 ipsam
1209 1798 1237 1845 et
1253 1805 1334 1846 omne
1357 1805 1468 1861 corpus,
1493 1805 1594 1860 eorpus
1609 1799 1694 1858 esset,
1720 1799 1798 1846 extra
1820 1807 1891 1848 omre

253 1890 342 1952 potest
356 1882 382 1935 in
398 1881 531 1936 incertum
544 1881 673 1951 pergensl
687 1878 744 1936 lloc
756 1889 847 1936 autem
860 1881 995 1935 incertum
1007 1895 1051 1936 so·
1102 1899 1202 1955 corpus
1213 1899 1314 1954 corpus
1328 1894 1410 1949 esset,
1424 1883 1498 1953 quod
1513 1882 1571 1937 lleri
1586 1897 1641 1936 non
1656 1891 1762 1953 potest.

253 1971 311 2026 lum
331 1987 392 2028 csse
411 1987 465 2026 non
485 1971 575 2038 debet,
588 1971 652 2042 quia
673 1971 774 2026 bonam
789 1972 874 2027 vitam
889 1971 967 2041 sequi
994 1985 1050 2026 nou
1137 1977 1230 2048 ltaque
1248 1977 1409 2032 dictumest
1435 1976 1499 2046 quia
1514 1975 1605 2030 anima
1619 1989 1710 2045 neque
1735 1991 1892 2048 percorpus

253 2071 344 2136 potest
357 2065 429 2119 mala
442 2079 527 2119 mors.
542 2062 613 2118 llala
627 2063 700 2119 enirn
715 2079 790 2119 mors
808 2079 862 2117 non
877 2071 929 2129 est,
952 2062 1005 2117 nisi
1018 2078 1049 2117 ea
1102 2085 1246 2140 acorpore
1260 2069 1372 2136 recedit,
1386 2047 1475 2140 neque
1490 2083 1649 2139 percorpus
1664 2068 1698 2122 ad
1709 2083 1815 2139 corpus
1825 2083 1891 2124 aree·

253 2158 410 2226 solaquam
435 2155 505 2210 mala
530 2164 693 2226 sequuntur.
726 2153 777 2222 Qui
801 2170 865 2225 ergo
888 2154 957 2209 bene
977 2155 1049 2208 mori
1102 2159 1154 2216 dit,
1174 2159 1207 2215 Ει
1221 2161 1281 2216 ideo
1298 2175 1348 2215 nee
1364 2159 1425 2214 loeo
1440 2168 1575 2224 moretur,
1592 2167 1621 2213 ut
1632 2160 1892 2229 recedatacorpore

254 2248 323 2312 vrrlt,
338 2249 408 2304 bene
420 2246 502 2313 vivat,
517 2249 648 2317 quoniam
664 2263 695 2302 ea
711 2263 773 2318 quae
789 2253 981 2318 postmortem
1002 2259 1050 2300 re·
1103 2251 1176 2322 quod
1192 2261 1234 2308 εει
1251 2269 1266 2308 a
1281 2252 1357 2319 loro;
1385 2266 1434 2306 nee
1454 2251 1515 2306 loeo
1538 2259 1664 2306 moretur
1681 2258 1713 2305 ut
1740 2251 1850 2306 accedat
1864 2252 1892 2306 ad

255 2340 346 2406 niuut,
363 2348 458 2395 contra
471 2355 503 2394 ca
516 2339 710 2409 disponuntur,
728 2348 756 2394 ct
775 2338 926 2394 seeundum
945 2353 978 2393 ea
1004 2353 1051 2393 rc·
1103 2361 1202 2416 cot-pos
1217 2343 1289 2415 quod
1307 2352 1350 2398 est
1362 2341 1389 2396 in
1406 2343 1477 2397 loco.
1498 2340 1570 2397 luter
1586 2357 1697 2396 omnem
1711 2341 1789 2396 enirn
1812 2341 1891 2396 locun

254 2429 412 2486 tribuuntur
424 2439 556 2501 quaeaute
573 2439 690 2486 mortem
706 2431 791 2486 inrita
811 2429 975 2501 praecedunt.
1002 2425 1053 2484 Us·
1103 2447 1129 2493 ει
1143 2437 1168 2491 id
1185 2435 1257 2507 quod
1276 2443 1317 2491 est
1328 2435 1355 2488 ln
1372 2434 1447 2491 nullo
1457 2433 1518 2490 loco
1530 2434 1622 2489 nullus
1633 2443 1676 2488 εει
1687 2434 1779 2489 ιεεεε.
1791 2433 1893 2503 Propter

253 2540 308 2596 que
322 2523 357 2578 ad
366 2533 481 2579 mortem
494 2523 621 2579 meritum
632 2532 675 2579 cst
687 2542 694 2577 ε
705 2533 768 2594 post
780 2532 895 2578 mortem
906 2537 971 2597 vero
982 2537 1052 2592 prae-
1103 2526 1156 2582 lroc
1172 2525 1263 2596 itaque
1275 2525 1377 2580 dictum
1392 2533 1489 2595 putant
1498 2525 1571 2595 quod
1580 2525 1696 2594 spiritus
1710 2533 1823 2580 creatus
1832 2535 1890 2580 teru-

254 2614 351 2670 mium.
371 2613 444 2670 llors
462 2612 614 2680 mediaest,
631 2613 657 2668 ιε
675 2630 729 2685 qua
744 2614 803 2669 dies
818 2611 926 2668 Domini
945 2612 1050 2682 incipit,
1103 2631 1169 2687 pore
1186 2616 1296 2686 quidem
1315 2625 1450 2680 moretur,
1469 2617 1534 2686 quia
1552 2615 1694 2670 motabilis
1708 2623 1769 2682 est;
1786 2617 1832 2671 sed
1843 2617 1892 2671 loro

254 2708 315 2763 dies
325 2707 445 2762 bominis
459 2705 540 2761 durem
556 2705 663 2776 accipit.
679 2704 709 2759 ln
720 2706 764 2761 die
779 2721 830 2760 suo
845 2707 928 2761 bomo
941 2703 992 2760 sibi
1005 2719 1051 2758 re·
1103 2727 1157 2766 εεε
1174 2720 1308 2778 moretur,
1336 2709 1400 2780 qula
1429 2723 1480 2786 nec
1508 2709 1569 2763 loco
1591 2716 1720 2764 moretur
1744 2709 1893 2766 reoedensa

254 2799 399 2872 linquitur,
413 2807 443 2852 nt
454 2798 527 2868 quod
541 2797 598 2852 vult
613 2804 756 2868 operetur;
769 2797 796 2850 in
811 2796 855 2852 die
866 2810 931 2850 rcro
942 2793 1050 2848 Domini
1103 2813 1217 2870 corpore
1228 2797 1301 2869 qnod
1315 2807 1383 2853 esta
1399 2798 1470 2864 loco,
1486 2811 1536 2852 nec
1553 2797 1614 2852 loco
1632 2805 1763 2852 moretur
1773 2799 1894 2854 accedens

251 2893 310 2963 iam
322 2893 349 2946 iu
363 2899 495 2962 potestate
509 2905 559 2945 sua
571 2905 625 2944 non
644 2897 685 2944 est
702 2890 795 2955 lrouro,
812 2889 858 2943 sed
874 2887 984 2942 tulllius
1002 2902 1051 2957 po·
1103 2891 1136 2946 ad
1149 2905 1249 2961 corpus
1267 2889 1339 2960 quod
1355 2897 1395 2944 εει
1415 2889 1443 2943 ιε
1459 2889 1530 2944 ιεεε.
1555 2887 1650 2958 Neque
1669 2889 1746 2944 enim
1766 2899 1893 2956 moretur,

254 2989 352 3037 testate
363 2979 396 3034 ad
407 2995 489 3050 quem
503 2978 578 3034 renit
593 2987 622 3033 ut
639 2985 839 3033 remuneretur.
855 2975 1001 3048 Propterea
1016 2976 1049 3032 ad
1102 2983 1212 3052 quaudo
1231 2981 1332 3037 recedit
1347 2997 1362 3036 a
1376 2981 1436 3037 loco
1448 2998 1455 3048 ;
1469 2995 1558 3052 neque
1569 2981 1669 3035 iterum
1686 2981 1750 3036 loco
1765 2989 1893 3047 moretur,
1990 3045 1991 3052 ἵ

254 3059 394 3128 bominem
409 3073 528 3144 pertinet
543 3080 573 3126 ut
588 3071 614 3126 id
636 3071 724 3126 solum
749 3069 822 3140 quod
850 3068 900 3124 sibi
924 3070 1084 3174 conuuls-s
1103 3073 1211 3145 ‹puarrdo
1224 3074 1329 3128 accedit
1347 3071 1381 3128 ad
1401 3072 1503 3128 locum.
1519 3071 1607 3127 Etiam
1618 3071 1763 3142 quandoin
1781 3086 1896 3141 corpore
1990 3061 1991 3111 Ῐ

254 3182 316 3220 sum
331 3174 373 3221 est
387 3166 456 3221 bene
480 3166 625 3236 disponere
654 3166 780 3230 studeat;
810 3161 875 3218 illud
896 3178 959 3218 roro
977 3164 1050 3235 quod
1078 3153 1086 3172 ¹
1104 3167 1191 3237 posita
1205 3165 1295 3220 anima
1311 3181 1412 3236 corpus
1428 3165 1551 3220 localiter
1565 3173 1665 3230 moret,
1681 3165 1741 3234 ipsa
1752 3171 1846 3218 tamen
1858 3165 1896 3218 lo·

255 3274 309 3314 uon
324 3259 515 3324 commissum,
532 3257 579 3312 scd
597 3257 763 3328 promissum
780 3255 830 3309 sibi
849 3261 901 3322 est,
921 3254 995 3310 illius
1008 3271 1051 3310 ar·
1102 3256 1197 3313 calitcr
1213 3271 1267 3312 uon
1288 3263 1422 3312 moretur.
1440 3255 1470 3310 st
1490 3255 1562 3310 enirn
1586 3255 1688 3310 idcireo
1702 3253 1827 3310 localiter
1843 3271 1895 3310 ruo·

254 3347 337 3404 bitrio
352 3364 367 3402 a
382 3364 438 3418 quo
455 3347 519 3403 illud
537 3347 645 3416 impleri
661 3353 768 3418 oportet
782 3347 926 3416 relinquat.
1102 3351 1158 3406 reri
1180 3349 1341 3416 estimatur,
1368 3349 1432 3420 quia
1455 3347 1482 3402 iu
1504 3363 1619 3418 corpore
1633 3357 1675 3403 est
1690 3349 1765 3418 quod
1782 3349 1895 3404 localiter

289 3439 365 3496 Mulli
381 3449 507 3510 qttoerunl
517 3440 550 3495 de
563 3440 636 3494 exilu
648 3439 802 3494 auimatum
814 3437 975 3509 quomodott
990 3451 1052 3491 cor·
1103 3451 1237 3508 moretur,
1250 3455 1336 3512 quare
1347 3455 1401 3495 non
1415 3439 1540 3496 similiter
1558 3439 1692 3510 sapientia
1708 3440 1831 3496 localiter
1842 3457 1894 3496 mo-

254 3533 368 3603 paribus
379 3533 552 3601 egrediantur
572 3532 680 3598 anime,
696 3531 753 3585 sire
777 3529 879 3584 scilicet
895 3529 947 3584 boc
971 3528 1052 3582 nrodo
1102 3533 1158 3588 reri
1174 3533 1291 3598 dicatur,
1307 3533 1371 3602 qula
1382 3532 1410 3585 in
1427 3546 1543 3601 corpore
1557 3539 1600 3586 est
1615 3531 1689 3601 quod
1704 3530 1829 3586 localiter
1839 3547 1893 3586 mo-

255 3632 286 3680 ut
304 3624 486 3680 essentialiter
507 3631 535 3676 ει
556 3622 678 3677 localiter
704 3620 780 3677 foras
808 3621 992 3690 egrediantur,
1023 3629 1052 3674 ut
1102 3625 1200 3679 retur?
1219 3623 1285 3679 Nam
1312 3625 1334 3681 si
1349 3623 1450 3680 dicitur
1466 3623 1530 3694 quia
1546 3639 1594 3694 per
1606 3623 1730 3679 animam
1759 3625 1842 3694 ipsam
1867 3623 1893 3678 in

254 3722 332 3771 extra
345 3728 406 3770 csse
421 3713 565 3784 incipiant,
585 3711 664 3782 quasi
676 3712 793 3767 exclusae
807 3731 814 3766 ε
828 3713 885 3768 sire
899 3712 950 3766 boc
962 3712 1050 3767 solum
1102 3717 1182 3772 eorde
1202 3724 1243 3771 est
1258 3715 1400 3787 sapientia,
1416 3729 1479 3770 cunr
1500 3717 1590 3769 anima
1604 3715 1663 3784 ipsa
1678 3730 1730 3786 per
1743 3729 1842 3785 corpus
1855 3713 1891 3768 lo·

254 3806 296 3860 eis
306 3805 396 3876 egredi
410 3805 455 3871 sit,
471 3805 545 3875 quod
558 3820 613 3861 sea
627 3803 809 3859 ririllcatione
823 3819 968 3874 corporum
983 3802 1050 3858 sub·
1102 3807 1196 3862 realiter
1211 3816 1315 3862 motum
1327 3806 1431 3861 moreni
1446 3805 1557 3870 dicitur,
1572 3819 1658 3874 quare
1683 3820 1740 3860 non
1756 3805 1835 3860 etiam
1851 3820 1895 3874 per

255 3897 377 3964 trabunt,
388 3905 415 3952 et
429 3897 509 3967 quasi
523 3896 557 3951 ad
569 3911 598 3952 se
609 3895 973 3968 colligentesaregctatioue
989 3911 1051 3950 cor·
1102 3899 1189 3968 ipsam
1212 3899 1332 3952 animam
1361 3897 1484 3952 localiter
1508 3904 1609 3951 motam
1634 3896 1893 3967 sapientiaquem

254 4005 352 4061 porum
373 4000 491 4058 cessant,
513 3999 542 4045 ut
562 3990 590 4044 iu
611 3989 764 4059 semetipsis
779 3988 939 4043 subsistant.
971 3987 1051 4042 Verbi
1102 3991 1160 4063 ipsa
1175 3991 1266 4046 anima
1289 4000 1341 4058 εει,
1363 3989 1487 4045 localiter
1508 3989 1611 4044 moueri
1631 3989 1767 4044 dicatur?
1785 3989 1813 4043 Si
1835 4003 1894 4043 rere
1989 4011 1990 4068 ss

254 4083 341 4155 qratia
358 4103 365 4135 :
383 4079 1051 4151 Quandodarusistecorporeusspiratur,egre·
1102 4083 1159 4138 bue
1175 4083 1243 4138 ratio
1259 4099 1312 4137 non
1327 4082 1423 4152 probat
1444 4088 1474 4135 ut
1493 4081 1625 4150 sapientia
1647 4081 1772 4136 localiter
1800 4079 1893 4134 mereri
1989 4083 1990 4088 ’

254 4176 328 4230 ditur
342 4191 357 4230 a
371 4191 495 4246 corpore,
514 4175 608 4245 incipit
621 4175 802 4231 essentialiter
822 4181 904 4242 atque
926 4171 1051 4226 localiter
1102 4175 1217 4242 dicatur,
1235 4191 1296 4230 curn
1310 4175 1344 4230 sit
1356 4183 1446 4229 tamen
1462 4174 1489 4227 iu
1510 4173 1612 4240 artium,
1624 4187 1711 4243 quare
1723 4171 1815 4226 anima
1825 4173 1893 4226 loea-

255 4279 331 4322 extra
343 4281 442 4336 eorpus
454 4281 515 4322 esse
530 4265 578 4335 qni
595 4264 672 4334 prius
685 4262 869 4318 essentialiter
879 4270 962 4333 atque
977 4266 1051 4316 loca·
1101 4267 1163 4322 liter
1178 4267 1281 4321 rnorcri
1307 4265 1423 4330 dicetur,
1440 4264 1567 4335 quamvis
1589 4264 1616 4320 in
1639 4279 1757 4334 corpore
1778 4263 1814 4318 sit
1827 4263 1891 4332 quol

255 4358 316 4414 litet·
339 4358 411 4414 iutra
437 4374 537 4428 corpus
554 4356 754 4412 continebatur.
775 4353 851 4410 Unde
872 4371 935 4410 tero
957 4360 1050 4409 cortex
1101 4357 1334 4414 localitermoreri
1349 4355 1490 4410 cernitur?
1504 4351 1890 4425 llujusmodiconsideratione

254 4468 378 4509 arescere
396 4451 491 4521 incipit
512 4451 540 4504 in
561 4450 668 4516 arbore,
692 4449 747 4504 εειι
763 4447 863 4502 luuuor
882 4447 916 4502 ab
942 4448 999 4513 illo,
1021 4458 1049 4502 et
1064 4470 1086 4524 D
1102 4447 1197 4518 probat
1223 4446 1349 4516 spiritum
1368 4445 1490 4500 localiter
1509 4459 1565 4498 non
1580 4443 1694 4508 ntoreri,
1717 4442 1842 4513 quamuis
1866 4441 1890 4495 in

253 4543 425 4599 contrabitur
441 4542 475 4596 ad
489 4541 630 4608 interiora,
646 4555 735 4610 neque
761 4539 835 4594 foras
863 4541 1000 4612 egreditur
1018 4549 1049 4594 ut
1099 4555 1213 4610 corpore
1228 4540 1263 4594 sit
1277 4537 1350 4607 quod
1363 4538 1484 4592 localiter
1501 4542 1639 4601 ororetur,
1653 4534 1841 4603 temporaliter
1853 4543 1891 4586 ta·

253 4644 328 4691 extra
342 4635 388 4702 sit,
408 4634 455 4690 sed
469 4634 585 4689 interius
599 4642 722 4688 remanet
733 4633 761 4687 iu
776 4649 809 4687 co
822 4633 895 4702 qnod
907 4632 981 4688 lutus
994 4641 1046 4699 est,
1099 4649 1162 4687 men
1177 4631 1291 4697 moveri,
1310 4629 1375 4699 quia
1387 4627 1568 4684 vicissitudini
1586 4626 1736 4696 subjacens
1754 4626 1789 4681 de
1802 4625 1853 4679 alio
1866 4625 1891 4678 in
1988 4649 1989 4680 t

253 4726 348 4782 sirein
360 4726 444 4798 liguo,
459 4725 555 4782 sivein
567 4724 698 4791 medulla,
715 4732 744 4779 ut
762 4723 789 4778 in
805 4725 906 4779 cortice
917 4724 976 4794 ipso
992 4740 1047 4780 non
1099 4724 1172 4779 aliud
1188 4729 1319 4778 mutatur.
1338 4720 1390 4775 Sed
1403 4735 1454 4776 nos
1466 4735 1493 4772 ιε
1510 4719 1624 4772 εεεειιιε
1638 4717 1756 4771 ninnium
1770 4719 1891 4771 curiosos

252 4817 299 4874 sit.
317 4815 394 4873 Tunc
405 4816 736 4882 omninocuitacortiee‚
763 4824 794 4870 ut
818 4815 845 4869 in
865 4815 967 4871 cortice
992 4830 1046 4870 nou
1098 4829 1230 4872 essenon
1245 4821 1362 4885 oportet,
1381 4827 1415 4867 ue
1432 4811 1501 4868 lorte
1516 4813 1578 4882 plus
1594 4825 1796 4881 praesumamus
1812 4823 1891 4879 quam

252 4910 298 4977 sit,
317 4926 406 4981 neque
421 4920 497 4966 extra
518 4912 596 4982 quasi
618 4909 754 4965 exteriora
776 4907 890 4976 ellusus,
920 4908 967 4964 sed
992 4909 1048 4963 exit
1098 4921 1256 4978 possumus.
1287 4903 1354 4971 Quat
1379 4903 1414 4960 sit
1443 4904 1486 4958 ria
1508 4903 1622 4973 spiritus
1646 4901 1724 4957 solus
1749 4901 1820 4956 norit
1847 4899 1892 4969 qui

252 5001 331 5073 quasi
345 5002 378 5057 ad
397 5002 526 5058 interiora
543 5002 684 5056 collectus.
700 4999 770 5055 Etsi
789 4997 858 5053 lorte
873 5000 973 5054 lrumor
985 5014 1047 5053 rur·
1099 4999 1162 5056 lecit
1176 4985 1248 5054 eum.
1272 4996 1328 5052 Nos
1341 5003 1432 5051 autem
1449 5011 1537 5064 neque
1551 4993 1656 5050 scimus
1670 4991 1809 5063 quomodo
1822 4989 1893 5044 seuit

251 5109 314 5152 sum
329 5093 364 5148 ab
381 5092 505 5148 interiori
520 5108 570 5148 suo
583 5093 706 5164 prodeat,
724 5099 754 5146 ut
767 5105 796 5146 εε
816 5089 914 5144 iterum
926 5089 1047 5147 effundat
1098 5101 1187 5157 neque
1208 5081 1466 5155 comprehendimus
1483 5080 1621 5152 quomodo
1647 5079 1761 5135 recedit.
1781 5077 1892 5144 erande

251 5185 279 5240 lu
294 5184 435 5249 corticem,
450 5198 561 5240 rursum
581 5182 723 5239 revirescit
737 5187 830 5234 cortex
845 5178 898 5248 ille,
915 5181 1046 5251 quoniam
1097 5179 1178 5233 llatus
1191 5180 1241 5232 iste
1253 5187 1401 5244 corporeus
1421 5171 1548 5237 trabitur,
1575 5168 1756 5239 corporaliter
1780 5166 1894 5237 ingredi·
1987 5221 1988 5248 3

251 5277 351 5334 bumor
362 5277 390 5332 lu
405 5276 466 5346 ipso
478 5275 583 5332 estrita
599 5275 670 5344 ejus.
688 5271 736 5328 Sic
757 5279 884 5341 quaerunt
904 5272 938 5327 de
953 5273 1046 5328 anima
1097 5279 1158 5337 tur;
1177 5265 1288 5339 quaudo
1302 5273 1393 5320 autern
1408 5263 1539 5333 spiratur,
1555 5260 1739 5330 corporaliter
1752 5267 1781 5316 ει
1802 5257 1893 5314 locali·
1987 5273 1988 5332 j

249 5369 360 5440 quando
372 5370 455 5425 exite
470 5383 585 5440 corpore
604 5375 698 5422 utrum
721 5364 775 5418 boc
798 5361 886 5418 solum
909 5362 948 5417 illi
971 5363 1046 5419 erire
1098 5371 1139 5417 ter
1147 5359 1293 5432 egreditur.
1319 5355 1371 5412 Sed
1383 5357 1436 5410 alia
1448 5361 1490 5410 εει
1500 5361 1598 5408 natura
1613 5352 1740 5422 spiritus,
1754 5350 1808 5406 alia
1833 5365 1893 5406 cor·

248 5463 295 5530 stt,
314 5462 388 5533 qood
406 5477 437 5518 se
458 5461 573 5518 retrabit
589 5459 625 5516 ed
643 5473 673 5514 se
690 5453 1045 5526 arlvlllcatlonecorporis,
1097 5453 1304 5526 poris.Quando
1319 5448 1517 5522 primolrominl
1532 5446 1595 5500 data
1609 5454 1653 5500 εει
1665 5443 1893 5514 animatuspira

247 5564 276 5611 et
287 5555 315 5611 in
325 5555 446 5625 bocipso
455 5555 512 5626 jam
535 5555 563 5609 in
581 5565 701 5622 corpore
720 5563 776 5604 non
791 5553 842 5609 est,
857 5546 931 5616 quod
944 5563 1045 5619 corpus
1096 5549 1135 5604 rit
1147 5545 1219 5603 boos
1234 5547 1263 5600 ln
1276 5544 1371 5599 laciern
1388 5543 1447 5612 ejus
1460 5537 1625 5609 spiraculum
1638 5537 1702 5592 ritae
1713 5537 1790 5608 (Gerr.
1806 5539 1849 5604 ul.
1861 5533 1892 5588 Et

226 5629 229 5634 ’
247 5647 385 5703 vivificare
399 5646 533 5703 cessatln
546 5644 685 5702 bocenim
696 5641 813 5707 ridetur,
828 5639 961 5712 quiajam
977 5656 1046 5710 qno-
1097 5639 1159 5711 quis
1174 5638 1264 5694 dicere
1277 5641 1363 5706 potest
1374 5630 1511 5703 quomodo
1523 5627 1669 5698 inspirarit
1684 5627 1758 5682 Deus
1773 5627 1891 5714 animare

247 5735 478 5796 oaonotoerrra
492 5753 573 5794 omne
591 5732 881 5804 cornusest.quod,in
896 5732 1045 5798 semetipsa
1097 5731 1206 5794 corpori
1234 5724 1407 5791 riu-ideando,
1431 5723 1488 5780 siue
1501 5719 1564 5790 quia
1584 5726 1664 5775 extra
1688 5727 1847 5776 creaturam
1860 5716 1891 5771 ad
1987 5803 1988 5806 Ἴ
