4017 6342
264 348 314 405 ιιι
851 338 1000 397 secubo.
1021 339 1068 397 nb
1086 338 1300 399 cblshtbbtt.

263 460 327 519 huic
343 459 449 519 noviter
469 457 619 521 ediderim,
634 470 683 525 pro
704 468 817 510 summae
834 452 979 510 Trinitatis
1003 453 1094 517 lto-A

263 565 332 605 nore
345 559 372 605 ct
387 563 489 612 aurore,
501 558 529 603 cc
541 562 634 601 eorum
647 544 855 615 supplicatione,
870 545 1055 617 inpraesentia

262 652 450 710 personarum,
466 650 526 705 quae
544 635 577 689 ad
593 633 792 690 dedicationem
806 646 1002 701 conuenerant.
1016 652 1057 693 re·

266 728 444 790 ntittecomns,
460 733 488 779 et
502 738 537 777 ne
551 724 612 793 quis
629 722 773 779 ecelesiam
788 724 829 777 vel
851 726 1054 795 possessiouem

261 816 474 873 ecclesiasticam
488 814 515 868 iu
531 813 721 869 vindocinensi
731 814 909 883 comitatu,iu
922 824 1054 887 quantum

265 905 299 959 ad
313 913 433 958 nostrum
450 902 603 971 pertinebat
618 902 816 974 episcopatum,
838 903 918 961 alteri
939 905 1055 961 abbatiae

266 994 318 1049 uisi
335 993 525 1050 vindocinensi
549 994 730 1059 donaret‚tel
755 996 934 1067 concederet,
959 1006 1055 1055 nostra

265 1083 426 1139 anctoritate
446 1083 665 1153 prohiberemus.
691 1082 745 1140 llos
758 1099 824 1139 cero
836 1084 907 1156 quod
921 1088 955 1143 ab
977 1088 1056 1144 initio
1365 1088 1389 1145 Δ
1402 1089 1509 1147 ciuitate
1521 1087 1641 1149 Pictam.

262 1173 348 1243 ipsius
363 1174 520 1229 monasterii
533 1184 561 1229 et
574 1174 624 1245 ipsi
638 1174 782 1245 petierant,
797 1184 825 1233 et
836 1190 887 1232 uos
903 1176 1056 1237 leceramus
1107 1217 1241 1275 munus
1257 1219 1388 1280 decanus·

262 1264 441 1321 laudantibus
457 1266 565 1322 clericis
579 1267 692 1333 uostris,
706 1267 732 1322 in
749 1275 824 1325 lauto
846 1279 978 1326 contentu
988 1286 1054 1327 coo·
1107 1308 1262 1367 willelmus
1272 1322 1380 1371 causor·

262 1353 372 1409 hrmare
385 1352 487 1424 justum
512 1354 678 1425 putarimus.
704 1354 896 1414 concessimus
912 1362 1004 1429 ltaque
1027 1366 1056 1415 et

262 1445 455 1510 concedimus,
483 1453 512 1501 ut
543 1447 701 1517 predictum
725 1450 919 1537 monasterium
944 1453 1056 1507 omnino

219 1523 224 1537 '
264 1536 381 1593 liberum
405 1553 437 1592 cx
463 1546 555 1594 nostro
578 1551 666 1609 porte,
689 1550 717 1596 et
731 1541 764 1597 ab
785 1544 859 1598 outrti
885 1544 1056 1615 subjectione
1393 1543 1611 1603 stemmatio·

268 1631 422 1687 absolutum
438 1632 631 1704 perpetualiter
648 1632 758 1703 existat,
785 1634 886 1689 urdlaru
911 1637 989 1693 uoltis
1012 1637 1057 1693 uel
1106 1674 1245 1731 corardus
1260 1686 1368 1733 mmor·

265 1722 470 1779 successoribus
493 1724 593 1779 uostris
612 1732 781 1794 potestatem,
809 1725 909 1782 unllam
934 1728 1057 1783 domina·
1107 1765 1238 1838 lngoisus·
1252 1724 1383 1826 Rhenus·

269 1813 370 1869 tiortcm
383 1814 410 1869 iu
423 1829 455 1870 co
469 1815 539 1880 loco,
564 1815 621 1881 site
645 1816 672 1871 iu
695 1817 894 1875 habitatoribus
916 1819 968 1875 loci
989 1821 1055 1877 reti-
1071 1809 1093 1864 Β
1107 1858 1281 1915 Emenulfus
1298 1861 1491 1919 scholasticum

267 1916 370 1971 nentes,
390 1907 437 1963 sed
461 1909 500 1965 cis
523 1908 652 1963 fraternae
673 1912 816 1968 charitatis
838 1913 982 1969 consillum
1003 1930 1054 1969 on·
1107 1948 1288 2007 maselinus·

265 2007 389 2063 uiuentes,
405 2007 434 2053 ct
457 1998 483 2053 iu
507 2014 555 2055 suu
576 2002 741 2057 necessitate
762 2010 863 2058 nostrae
886 2004 1056 2059 auctoritatis
1107 2038 1264 2095 Rammius
1276 2040 1445 2113 capellanus·

264 2090 405 2145 auxilium.
441 2090 622 2151 Concedimus
655 2096 738 2150 etiam
772 2094 860 2151 eidem
891 2098 1056 2155 monasterio
1105 2129 1272 2189 willemus·

265 2179 397 2249 quidquid
426 2180 452 2236 in
475 2182 631 2255 episcopatu
649 2194 743 2241 nostro
767 2186 849 2243 bodie
872 2188 1003 2258 possidet,
1028 2198 1058 2246 et

264 2270 394 2341 quidquid
411 2272 437 2327 io
459 2271 550 2331 loturo
574 2274 648 2346 juste
670 2276 813 2347 acquirere
837 2278 947 2349 poterit,
970 2289 998 2336 et
1022 2294 1058 2337 ne
1346 2270 1489 2329 Λάιῖῑθῐ*
1503 2273 1654 2348 stivedai&

263 2361 325 2431 quis
341 2360 503 2430 Ecclesiam,
531 2377 579 2419 seo
600 2364 748 2434 quamlibet
763 2366 890 2423 Ecclesia
907 2370 1057 2439 possessio-
1107 2398 1261 2458 Gausqenus
1273 2404 1404 2460 decanus.

264 2464 326 2505 uerit
339 2450 365 2503 iu
379 2452 508 2506 comitatu
521 2451 712 2509 vindocinensi
729 2455 764 2511 ad
779 2463 900 2511 uestram
915 2456 1056 2515 dioeeesim
1107 2490 1282 2566 &angerius
1292 2495 1515 2553 archidiaconus·

263 2546 444 2617 pertinentem
478 2548 556 2604 alteri
590 2552 755 2607 monasterio
787 2553 841 2609 uisi
864 2542 1079 2614 vindocinensi'
1107 2584 1268 2641 puchardus
1288 2587 1488 2644 thesaurarius.

266 2636 368 2695 tribuat
394 2638 608 2707 tetenhaim,
632 2641 818 2712 prohibemus.
844 2643 922 2712 Quod
947 2645 1057 2715 quidem
1107 2675 1493 2738 muamusarchidiaconus,

264 2727 448 2783 concessionis
469 2740 498 2785 et
513 2729 646 2787 libertatis
666 2730 866 2789 llrmameutum
886 2743 917 2789 ut
933 2736 1057 2794 veracius
1107 2767 1236 2825 {numius
1246 2769 1416 2842 camum

264 2832 314 2887 per
328 2828 450 2891 tempora
474 2836 633 2879 successura
654 2824 791 2890 credebar,
818 2826 976 2899 firmiusque
989 2846 1057 2887 eoo·
1107 2856 1432 2921 mmmmm·

265 2918 401 2977 seruetur.
421 2922 583 2981 praesentem
605 2916 730 2971 chartam
759 2918 895 2974 conscribi
915 2919 1057 2992 jussimus,

265 3009 294 3059 et
308 3001 335 3057 iu
348 3001 442 3057 auditu
461 3004 600 3075 popularis
614 3004 775 3079 frequentiae
788 3010 909 3076 recitari,
923 3020 950 3067 et
960 3029 1058 3070 omnes

1320 452 1341 506 A
1355 453 1559 513 commenias.
1575 455 1695 513 ιιιιιιιιι.

1109 580 1251 642 Goliredus
1266 582 1395 645 decanus.

1108 676 1387 736 mmmmm

1108 768 1253 841 Froqerius
1264 774 1445 831 subdecanus.

1107 859 1236 918 Albertos
1249 862 1421 920 cellararius.

1108 950 1166 1007 0do
1180 954 1337 1012 subcantor.

1107 1400 1196 1460 llaiuo
1206 1412 1303 1460 cantor
1315 1404 1345 1462 S.
1360 1404 1469 1465 llilatii.

1108 2948 1261 3006 Gauslenos
1276 2966 1354 3021 puer.

1108 3038 1256 3098 Gaulridos
1270 3057 1349 3112 puer.

268 3102 324 3149 tam
353 3095 546 3153 ecclesiasticae
586 3114 666 3170 quatu
701 3102 838 3159 secularis
866 3104 969 3162 utilitia
994 3106 1094 3212 huieC
1109 3131 1417 3193 mmmmm

271 3186 489 3248 trosttucnctioni
515 3190 668 3257 obviantes,
697 3192 749 3248 nisi
771 3194 867 3266 dignos
890 3198 1057 3265 penitendo
1542 3273 1547 3285 .

265 3292 348 3348 super
370 3279 423 3335 boc
441 3279 557 3337 iecerint
570 3280 686 3351 iromus,
709 3284 816 3355 publiea
837 3290 1057 3347 excommunica·
1345 3335 1351 3344 .
1398 3269 1437 3324 Μ
1459 3269 1615 3343 1'1901020·

265 3370 340 3425 tione
362 3371 561 3429 damnavimus.
584 3373 712 3431 Glrartam
737 3377 821 3433 ctiam
844 3378 924 3433 istam
939 3384 1058 3456 propriis
1109 3396 1504 3461 Guillelmusarchidiaconns.

265 3460 391 3517 inauribus
406 3464 545 3532 posuimus
559 3480 642 3535 super
665 3465 752 3525 altare
774 3470 984 3533 vindocinensis
998 3490 1059 3531 mo·
1109 3488 1241 3547 vivianus
1253 3492 1422 3563 capellanus.

265 3552 388 3620 nestorii,
403 3554 551 3626 insignum
566 3564 594 3611 et
618 3560 803 3619 testimouium
816 3576 954 3637 perpetuae
970 3566 1057 3623 liher-

267 3648 341 3703 tatls.
356 3646 440 3717 llnjtrs
453 3661 543 3705 autem
559 3652 598 3708 rei
611 3663 764 3713 assertores
778 3666 806 3713 et
818 3668 901 3717 testes
915 3662 1057 3719 nobiscum
1162 3714 1167 3725 .

265 3737 376 3796 inerunt
389 3742 560 3801 honorabiles
573 3760 698 3817 persono
711 3750 912 3823 episcoporum,
928 3755 1056 3813 abbatum
1109 3762 1243 3819 hauullus
1256 3763 1477 3825 archidiaconus.

1351 3628 1374 3683 A
1393 3627 1518 3686 Samoou
1538 3632 1654 3691 deitate.

266 3834 477 3903 ctclcricomm.

267 3922 397 3981 druullus
412 3924 584 3985 Turonorum
600 3932 822 4006 archiepiscopus

264 4012 428 4073 lsembertus
441 4016 613 4077 victurorum
625 4023 780 4095 episcopus.

265 4103 412 4161 Gerrosius
428 4106 639 4168 Cenomanensis
650 4114 758 4183 praesnl.

265 4194 402 4255 liebertus
417 4202 760 4275 pontitexhndeqareusts.

264 4287 397 4348 Geruldus
411 4292 614 4365 lugolismeusis
629 4297 739 4366 praesul.

264 4384 405 4443 Ameliuus
418 4386 587 4444 hibicnsium
599 4389 756 4460 episcopus.

515 4523 543 4594 {A
556 4522 659 4578 ciuitate
673 4522 798 4579 Commo.

263 4656 395 4716 Amulius
413 4658 560 4713 archidiac.
576 4666 604 4714 et
615 4670 775 4730 precentor.

264 4750 397 4822 Georgius
408 4750 630 4805 archidiaconus.

266 4841 332 4909 Sigo
347 4840 473 4909 magister
484 4837 652 4895 scholarum.

265 4930 411 4999 hqiuerius
424 4928 592 5000 capellanus.

268 5020 438 5092 hildegarius
449 5020 628 5079 subdecanus.

267 5110 536 5180 llildniuusluueuis.

267 5203 414 5266 Wolterins
426 5203 643 5265 archidiaconus.

525 5346 657 5403 deicitole
672 5346 788 5403 Turouo.

265 5474 338 5530 hono
351 5477 480 5535 decanus.

265 5564 371 5621 lvenilo
384 5570 531 5625 archidiae.
543 5578 570 5624 et
583 5570 784 5627 thesaurarius.
840 5570 841 5575 ’
917 5644 920 5651 ⁴

266 5652 579 5715 llobertnscellnrarius.

267 5744 411 5804 Gauterios
423 5747 550 5805 aedituus.

1108 3852 1244 3909 hebaldus
1257 3854 1478 3911 arcltidiaeouos.

1370 3987 1487 4044 Nomine
1515 3990 1639 4047 aliatum
1670 4053 1672 4056 ,

1109 4116 1187 4188 lloqo
1196 4118 1230 4174 de
1244 4119 1274 4174 S.
1281 4118 1429 4183 ,Salvatore
1445 4122 1536 4180 liarob
1550 4126 1630 4183 abba.

1109 4206 1274 4266 Frerlericus
1290 4212 1324 4267 de
1334 4210 1364 4267 S.
1381 4212 1530 4271 Florentio.

1109 4298 1258 4359 Walterius
1267 4303 1302 4359 de
1313 4303 1343 4360 S.
1357 4304 1465 4362 Albino.

1109 4392 1249 4452 Ebrardns
1264 4397 1299 4453 de
1313 4396 1344 4453 S.
1361 4396 1493 4455 llarilelo.

1075 4500 1098 4554 1)
1110 4484 1260 4544 Landrleos
1273 4489 1307 4544 dc
1317 4488 1346 4545 S.
1361 4490 1444 4547 Petm
1454 4491 1583 4563 Comae}¹

1110 4577 1254 4635 beraudus
1266 4580 1300 4635 de
1312 4580 1342 4636 S.
1356 4581 1489 4642 Gildasio.

1110 4666 1237 4725 Salomon
1249 4669 1282 4725 de
1293 4668 1449 4731 Booaralle.

1109 4758 1186 4828 lingo
1199 4760 1350 4832 Longiledii
1371 4767 1467 4825 abbas.

1108 4850 1193 4905 Fulco
1208 4852 1241 4907 de
1252 4852 1281 4909 S.
1289 4851 1404 4915 Ioanne.

1109 4938 1257 5013 duscqisus
1272 4960 1351 5016 pecc.

1110 5028 1209 5085 Petrus
1222 5034 1255 5088 de
1268 5032 1403 5093 Nauloilo.

1111 5118 1236 5189 ilgerius
1246 5121 1280 5178 de
1294 5123 1323 5179 S.
1338 5126 1471 5185 hmando.

1083 5270 1087 5277 ¹
1109 5210 1248 5269 uunaldus
1261 5216 1295 5270 de
1306 5216 1462 5287 llupeliaco.

1109 5300 1168 5357 0do
1180 5304 1213 5359 de
1225 5304 1253 5361 S.
1270 5306 1382 5366 Sabino.

1109 5393 1165 5451 hro
1184 5396 1218 5451 de
1231 5396 1262 5453 S.
1275 5398 1408 5459 llichaele
1422 5405 1518 5462 eremi.

1110 5488 1325 5548 erchembaldus
1338 5495 1371 5550 de
1391 5497 1420 5552 S.
1433 5496 1578 5556 vesontio.

1112 5578 1231 5637 ioannes
1249 5585 1422 5644 de'Luzioue.

1110 5672 1281 5733 ‘lbeobaldus
1296 5680 1329 5735 de
1343 5680 1504 5748 Quineiaco.

1108 5762 1259 5823 hosbertus
1274 5768 1307 5825 de
1326 5769 1497 5831 Ponteleueo.
