4017 6342
267 394 338 453 {⁰¹15
819 392 983 451 WEllNERl
1001 394 1150 454 Abssn'its
1170 398 1199 457 S.
1220 402 1331 460 btaslt
1831 405 1893 463 luit

267 510 302 569 ad
311 518 395 567 rosel
404 523 566 581 cognoscam
578 524 633 565 nun
649 524 803 565 sermonem
815 510 1058 581 eorumquiinllatt'
1074 521 1096 578 ,t
1113 517 1207 574 animo
1227 534 1289 575 sno.
1306 519 1359 576 Sed
1380 521 1489 591 nequis
1502 517 1652 575 contendat
1665 531 1892 574 nonomnemrn-

266 610 342 669 sunt,
352 600 399 657 sed
410 600 537 655 virtutem
548 598 576 671 (l
585 598 647 655 Cor.
656 601 703 667 tri.
712 622 720 654 r
730 599 775 657 llle
787 618 852 675 ergo
863 604 971 674 proprie
980 603 1057 673 dicit,
1109 610 1217 667 darium
1228 610 1328 668 lalsmn
1340 612 1524 668 testimonium
1536 624 1598 665 esse
1611 608 1824 680 appellandum,
1835 612 1892 679 quid

266 690 392 759 Domine,
403 689 530 757 Domine,
550 691 597 760 qui
609 692 776 749 voluntatem
793 708 861 749 seno
879 695 953 750 rocis
971 710 1058 750 enirn·
1109 702 1234 759 dieturns
1256 711 1298 759 est
1324 702 1401 759 adid
1425 700 1497 773 qnod
1512 700 1645 770 seriptum
1662 705 1706 753 cst
1719 717 1727 752 :
1742 718 1752 748 r
1766 696 1806 753 Ds
1829 703 1893 769 quel

266 782 325 836 tiat.
340 779 497 837 Secundum
514 782 646 854 lrocquod
658 784 696 838 ait
706 784 851 855 Apostolus
861 805 883 841 :r
896 784 981 841 llerno
993 788 1059 844 dicit
1110 795 1242 849 mentitur
1258 794 1359 850 oceidit
1375 793 1537 849 animamlr
1553 790 1630 862 (Sap.
1649 791 1682 859 ι.)
1694 788 1777 856 Quod
1792 793 1893 861 nequis

264 869 397 928 Dominus
413 870 504 939 lesus,
519 872 573 927 nisi
587 874 613 927 in
630 872 731 944 Spiritu
751 863 847 931 sancto
859 876 885 949 (1
896 876 956 933 Cor.
973 878 1055 949 xrr).r
1109 882 1257 937 arbitretur
1270 883 1392 952 exeeptis
1407 880 1545 951 aliquibus
1556 878 1758 933 mentientibus
1772 879 1894 947 possein-

265 960 335 1018 l'erc
348 963 421 1018 enirn
436 963 525 1018 dicere
537 962 670 1020 Dominus
680 964 770 1033 lesus,
786 978 828 1022 εει
838 968 920 1023 eorde
935 968 1057 1034 eredere,
1110 970 1205 1043 telligi,
1222 971 1277 1028 alio
1289 971 1351 1028 loco
1364 972 1437 1041 legat
1451 989 1457 1025 :
1472 968 1591 1025 «Perdes
1604 984 1706 1025 omnes
1722 968 1772 1037 qni
1787 968 1894 1037 loquun-

264 1054 459 1121 0reeonllteri,
478 1056 609 1125 operibus
630 1058 761 1113 attestari.
788 1058 856 1115 Nam
884 1076 969 1117 unum
999 1062 1059 1118 sine
1110 1070 1155 1116 tur
1168 1062 1340 1117 mendacium
1353 1061 1442 1131 (Psoi.
1457 1060 1512 1130 ri.»
1528 1058 1636 1115 Etenim
1651 1074 1702 1114 ore
1716 1058 1894 1129 suoipsebo

264 1145 319 1207 alio
348 1161 448 1215 negare
474 1156 525 1203 est.
558 1146 652 1203 ltem:
680 1168 690 1201 r
715 1149 774 1205 Non
804 1151 894 1208 omnis
921 1153 970 1223 qui
992 1153 1060 1209 dieit
1110 1150 1386 1219 minusdicitarSit,
1412 1151 1511 1220 inquit,
1536 1151 1565 1204 in
1581 1163 1630 1204 ure
1646 1154 1750 1215 restro,
1769 1146 1830 1214 list,
1848 1161 1892 1215 est,

264 1236 332 1292 milri
357 1238 486 1303 Domine,
507 1237 637 1306 Domine,
660 1250 738 1297 rete.
758 1259 768 1292 r
785 1239 844 1297 Nou
877 1242 905 1298 in
931 1258 1059 1299 sermone
1109 1242 1181 1311 Non,
1198 1244 1360 1316 nonzquod
1384 1252 1476 1298 autem
1500 1242 1620 1313 amplius
1646 1251 1701 1305 εει,
1726 1255 1743 1295 a
1769 1239 1843 1295 malo
1860 1252 1895 1297 est

263 1338 307 1385 est
322 1344 436 1401 regnum
450 1328 507 1397 Dei,
524 1332 571 1386 sed
590 1331 617 1387 in
631 1332 731 1387 virtute
749 1331 774 1404 (l
789 1333 851 1389 Cer.
866 1336 914 1405 rr).
931 1354 940 1388 r
959 1334 1019 1390 Non
1032 1343 1059 1391 te
1110 1332 1226 1403 (liutto.
1246 1333 1304 1404 vi.»
1320 1332 1361 1387 Er
1378 1333 1465 1389 biset
1481 1332 1544 1388 aliis
1559 1330 1721 1402 hujusmodi
1734 1333 1895 1403 argumentis

261 1419 400 1491 juratboe
412 1422 487 1493 quod
497 1422 577 1490 dicis,
589 1421 846 1494 Domine,Donrine,
858 1427 911 1482 nisi
920 1427 947 1482 in
959 1427 1059 1483 timore
1108 1425 1281 1497 probatoria
1295 1425 1349 1481 ulla
1361 1440 1445 1481 earrsa
1459 1440 1515 1480 nnn
1527 1424 1612 1480 lieere
1627 1424 1753 1478 mentiri.

265 1510 591 1579 servierisDomino,nisi
603 1514 731 1570 alacriter
745 1516 872 1571 mandata
883 1516 944 1587 ejus
958 1518 1057 1588 imple·
1144 1516 1391 1574 ilentiendiautem
1402 1524 1466 1571 octo
1476 1530 1574 1585 genera
1589 1523 1665 1571 sunt.
1672 1513 1800 1569 Primum
1814 1515 1895 1585 itaque

264 1601 345 1669 reris,
358 1603 411 1658 nisi
431 1617 540 1657 omnem
563 1603 624 1673 ejus
638 1602 736 1660 leceris
759 1605 941 1673 voluntatem,
956 1607 1010 1664 nisi
1023 1609 1059 1663 ab
1109 1617 1151 1664 est
1162 1607 1278 1678 capitale
1295 1607 1468 1663 mendacium
1482 1624 1489 1662 ε
1501 1606 1576 1677 quod
1587 1605 1721 1676 longemt
1731 1606 1894 1676 fugiendum,

263 1692 339 1747 ornni
353 1701 379 1747 te
394 1692 567 1749 immunditia
581 1694 756 1762 abstinueris,
772 1712 938 1767 omnemque
951 1698 1057 1770 iniqni-
1109 1696 1174 1767 quia
1189 1697 1220 1752 llt
1238 1698 1266 1752 in
1288 1698 1415 1754 doctrina
1429 1696 1570 1768 religionis
1590 1712 1625 1753 ae
1643 1696 1767 1767 pietatis,
1782 1695 1819 1751 ad
1832 1697 1895 1767 quot

262 1794 345 1839 tatem
370 1782 541 1854 deposueris.
557 1784 648 1841 Gratis
669 1788 791 1855 clamas,
809 1787 943 1845 vociferas
961 1791 1057 1861 gratis,
1109 1788 1283 1845 mendacium
1304 1788 1378 1843 nulla
1394 1786 1550 1844 conditione
1565 1787 1686 1858 quisque
1699 1784 1780 1842 debet
1794 1786 1895 1852 adduci,

261 1874 366 1931 exaltas
375 1884 563 1943 voeemtuam,
572 1876 666 1933 dicens
678 1896 685 1932 ε
696 1876 820 1947 Domine,
829 1878 1057 1949 Durnine,testem
1073 1862 1174 1951 Bquin
1188 1896 1318 1952 magnum
1335 1880 1427 1936 scelus
1440 1888 1494 1937 est.
1509 1888 1538 1935 et
1552 1880 1672 1949 primum
1686 1894 1775 1949 genus
1784 1877 1896 1933 dmesta-

262 1966 453 2023 inobedientia*
472 1976 525 2023 tuae
543 1984 637 2035 vocas,
659 1984 722 2025 eum
734 1969 880 2025 Dominum
899 1972 1057 2038 nominans,
1109 1973 1172 2029 bilis
1190 1973 1336 2029 mendacii.
1351 1972 1509 2028 Secundum
1527 1980 1630 2039 autem,
1649 1972 1725 2043 quod
1741 1973 1795 2026 tale
1814 1979 1856 2025 εει
1869 1980 1895 2025 ut

261 2072 316 2112 non
331 2058 431 2113 timens
453 2057 525 2113 sicut
548 2057 696 2114 Dominum
724 2074 813 2132 neque
832 2062 860 2115 in
885 2069 1003 2119 tremore
1031 2062 1059 2117 ei
1108 2071 1136 2117 et
1149 2064 1312 2134 nulliprosit
1324 2074 1352 2120 et
1364 2064 1438 2119 obsit
1450 2064 1544 2131 aliem,
1561 2062 1628 2134 quia
1642 2062 1712 2118 nulli
1724 2062 1895 2121 laciendatat

261 2150 394 2205 terricus.
409 2148 469 2204 llon
484 2151 575 2207 omnis
588 2152 635 2222 qui
655 2152 715 2208 sine
726 2150 808 2220 laeto,
827 2153 874 2209 sed
890 2160 995 2209 tanturn
1009 2169 1058 2211 ore
1108 2155 1291 2226 irrJ'uria‚ctin
1303 2158 1356 2213 hoe
1365 2172 1465 2228 genere
1475 2171 1531 2211 non
1542 2155 1623 2211 debet
1634 2156 1759 2210 mentiri.
1767 2154 1894 2218 Tertium,

261 2256 306 2297 nae
317 2240 463 2296 Dominum
473 2241 599 2311 appellat,
610 2242 735 2299 introibit
746 2244 772 2297 in
785 2258 899 2314 regnum
911 2245 1055 2314 coelorum,
1107 2245 1182 2316 quod
1202 2246 1239 2301 ita
1260 2246 1373 2317 prodest
1385 2245 1435 2301 uni
1448 2254 1477 2301 ut
1501 2245 1575 2301 obsit
1587 2245 1679 2311 alteri,
1699 2246 1828 2316 quamvis
1846 2260 1894 2300 non

261 2333 309 2388 sed
333 2334 398 2405 quia
418 2348 502 2404 opera
526 2332 608 2407 digna
629 2350 690 2391 meo
709 2337 821 2392 nomine
848 2335 923 2403 iacit,
944 2346 970 2393 et
987 2354 1056 2395 con·
1107 2335 1142 2393 ad
1165 2336 1366 2393 immunditiam
1382 2338 1456 2394 obsit
1465 2337 1644 2409 corporalem,
1653 2348 1682 2394 et
1697 2339 1726 2393 in
1739 2340 1795 2395 boe
1804 2353 1895 2410 genere

260 2424 442 2482 versationem
454 2424 563 2497 dignam
575 2441 642 2482 meae
655 2426 863 2484 sanctificationi
879 2428 1019 2499 adimplet.
1107 2428 1174 2484 nulli
1187 2443 1250 2485 cum
1271 2429 1385 2484 alterius
1405 2428 1507 2500 iniuria
1526 2430 1729 2486 consulendum
1744 2440 1798 2486 est.
1812 2431 1893 2498 Duar-

554 2517 593 2573 De
614 2518 762 2577 mendacio.
1106 2530 1176 2587 turri,
1196 2519 1270 2591 quod
1294 2521 1325 2576 lit
1348 2535 1407 2577 sora
1431 2520 1578 2577 mentiendi
1596 2522 1711 2579 libidine
1722 2521 1891 2593 ludendique,

296 2607 467 2664 llendaelurn
489 2619 532 2666 εει
551 2609 621 2666 lalsa
653 2610 816 2683 significatio
836 2628 899 2669 cunr
915 2615 1056 2670 voluntate
1106 2610 1180 2681 quod
1195 2626 1301 2667 merum
1317 2613 1491 2669 mendacium
1505 2622 1558 2679 εει,
1570 2615 1635 2685 quia
1648 2613 1736 2669 libido
1754 2614 1893 2670 mentiendi

262 2699 385 2755 lallendi.
403 2698 462 2755 Non
488 2708 531 2756 cst
545 2710 635 2757 autem
661 2700 729 2758 lalsa
745 2702 918 2773 signidcatio,
932 2704 979 2759 ubi
1002 2702 1054 2760 etsi
1105 2716 1154 2773 per
1168 2717 1199 2759 se
1209 2702 1297 2773 ipsam
1308 2703 1407 2759 vitiosa
1422 2710 1474 2759 est.
1488 2702 1632 2771 Quintum,
1645 2705 1721 2775 quod
1735 2705 1766 2760 tlt
1777 2704 1893 2776 placendi

261 2790 389 2847 alludet
410 2791 465 2847 alio
485 2792 663 2863 significatur,
681 2810 775 2850 verum
797 2804 839 2851 est
862 2804 954 2851 tamen
979 2795 1053 2866 quod
1105 2792 1256 2863 cupiditate
1277 2792 1312 2849 de
1334 2793 1567 2865 suaviloquiozin
1583 2808 1640 2866 quo
1662 2810 1764 2867 genere
1785 2810 1835 2851 nee
1854 2803 1893 2851 εει

259 2882 440 2953 significatur,
457 2882 480 2938 si
496 2890 569 2939 reete
582 2883 758 2955 intelligatur.
774 2884 982 2957 (dunnsrrnus.)
1006 2884 1055 2942 Est
1105 2884 1306 2953 mentiendum3
1322 2885 1386 2956 quia
1400 2885 1424 2941 si
1442 2887 1502 2956 ipsa
1517 2886 1618 2941 veritas
1639 2887 1695 2941 line
1714 2886 1836 2957 plaoendi
1846 2887 1894 2941 bo·

260 2983 352 3030 autern
367 2976 505 3047 quoldum
524 2990 610 3048 genus
633 2976 794 3043 mentiendi,
819 2978 848 3031 in
868 2977 942 3048 quod
956 2991 1053 3033 omnes
1105 2975 1227 3032 minibus
1240 2976 1408 3032 enuntianda
1421 2985 1541 3045 nonest,
1554 2979 1766 3048 quantominus
1785 2978 1893 3033 menda·

260 3068 446 3131 consentiunt,
464 3068 496 3123 de
519 3082 575 3139 quo
596 3068 790 3139 inquirendum
807 3069 861 3124 erit
879 3078 971 3124 utrum
999 3069 1052 3123 ali·
1104 3067 1178 3123 oium
1201 3082 1251 3137 per
1272 3068 1410 3138 seipsum,
1430 3070 1495 3141 quia
1521 3071 1698 3126 mendacium
1722 3079 1773 3135 εει,
1800 3070 1895 3140 utique

259 3159 370 3229 quando
383 3160 419 3215 sit
430 3158 496 3213 utile
516 3157 615 3214 lalsunr
630 3160 741 3229 aliquod
753 3160 908 3226 enuntiare,
924 3175 986 3215 eum
1004 3175 1053 3215 ro·
1066 3212 1087 3269 c
1106 3167 1185 3229 turpe
1197 3166 1249 3214 est.
1263 3157 1312 3213 llis
1327 3160 1457 3217 omnibns
1472 3162 1583 3231 penitus
1599 3162 1707 3217 evitatis
1726 3170 1809 3232 atque
1827 3161 1895 3230 reje-

260 3252 365 3306 luntate
388 3249 509 3306 lallendl.
538 3249 606 3305 Nam
632 3252 679 3321 qui
697 3252 750 3307 boc
767 3251 898 3317 sentiunt,
919 3252 1052 3307 adhibent
1104 3249 1166 3314 ctis,
1180 3257 1223 3303 est
1237 3256 1344 3304 sertum
1365 3252 1469 3321 genus?
1482 3250 1561 3318 Quod
1573 3260 1601 3307 et
1617 3253 1684 3307 nulli
1702 3252 1780 3307 obest
1792 3262 1820 3306 et
1834 3268 1895 3321 pro

260 3343 447 3398 testimonium
473 3341 615 3398 sententiae
638 3356 704 3405 suae,
729 3352 976 3399 ennrnrenrorantes
1000 3340 1052 3397 Sa·
1104 3341 1164 3397 dest
1177 3341 1258 3397 alicui
1277 3341 1468 3414 interroganti.
1495 3342 1594 3400 Sedet
1614 3346 1642 3398 ln
1664 3344 1716 3399 boe
1729 3360 1827 3414 genere
1841 3360 1894 3397 noa

261 3452 330 3501 rain,
345 3450 408 3491 curn
423 3434 540 3501 risisset,
554 3434 660 3504 angelis
672 3448 786 3502 negasse
796 3431 860 3503 quia
872 3433 963 3489 riserit
974 3433 1051 3504 (Gen.
1104 3439 1145 3484 est
1162 3432 1359 3499 mentiendum,
1373 3433 1439 3503 quia
1454 3448 1506 3489 nee
1520 3444 1595 3490 reete
1613 3435 1797 3504 corrumpitur
1814 3435 1894 3489 etiarn

260 3528 353 3596 xrrrr);
371 3524 456 3580 laceb
467 3540 577 3595 quoque
602 3541 618 3579 a
633 3532 709 3594 patre
727 3524 922 3594 interrogatum
938 3539 1053 3594 respon·

259 3616 1051 3691 dissequodipseessetllsaumaiorlrliusejuslllen.rxvrri;

261 3708 403 3781 AEgyptias
414 3711 497 3765 etiarn
518 3710 688 3777 obstetrices,
705 3725 739 3765 ne
753 3709 871 3767 inientes
883 3709 988 3767 lleltrael
1003 3727 1054 3767 na-

261 3806 369 3852 scentes
393 3798 620 3865 interlicerentur,
642 3800 724 3854 etiarn
750 3798 806 3856 Deo
832 3802 1001 3871 approbante
1025 3809 1053 3855 et

260 3895 463 3953 remunerante,
476 3889 605 3945 mentitas
615 3888 714 3961 (Ereti.
728 3890 758 3961 r).
774 3888 807 3944 lit
818 3892 902 3946 multa
915 3891 1052 3961 ejusmodi

259 3980 382 4049 crenrpla
393 3980 533 4052 eligentes,
546 3996 642 4036 eorum
659 3981 802 4038 hominurn
818 3982 960 4037 nrendacia
973 3997 1053 4038 eom·-

259 4079 414 4127 nrcnrorant
427 4086 497 4140 quos
511 4070 621 4141 culpare
643 4086 699 4127 non.
718 4071 845 4139 audeant,
859 4082 941 4143 atque
956 4073 992 4127 ita
1011 4071 1052 4127 sa·

259 4164 342 4218 rearis
357 4161 505 4233 aliquando
519 4178 580 4218 esse
603 4178 685 4233 posse
713 4180 768 4219 nun
792 4164 881 4219 solum
905 4165 1053 4235 repreben-

259 4256 336 4311 sione
352 4272 407 4310 non
426 4254 550 4327 dignuin,
571 4255 617 4309 sed
640 4256 722 4312 etiam
741 4255 853 4327 dignum
874 4256 954 4311 laude
975 4270 1053 4310 rnen-

258 4350 378 4404 dacium.
397 4347 509 4403 Addunt
522 4348 621 4413 etiam,
636 4363 691 4416 quo
705 4362 759 4403 non
783 4348 856 4402 solos
874 4356 998 4417 premant
1010 4348 1052 4401 di-

1105 3520 1255 3575 testimonii
1267 3522 1379 3590 veritas,
1401 3538 1452 3593 pro
1474 3523 1639 3593 cujusquam
1662 3524 1806 3594 temporali
1823 3539 1895 3579 eom-

1105 3610 1188 3665 modo
1200 3627 1232 3666 ne
1243 3612 1340 3668 salute.
1353 3613 1395 3668 Ad
1406 3615 1602 3684 sempiternam
1624 3632 1691 3671 vero
1706 3618 1819 3672 salutent
1836 3618 1893 3670 nul-

1105 3702 1148 3757 lus
1170 3704 1311 3760 ducendus
1324 3713 1368 3761 est
1385 3707 1538 3775 opitulante
1561 3709 1709 3763 mendacio
1726 3729 1733 3763 :
1750 3726 1804 3764 non
1823 3710 1891 3763 enim

1106 3791 1186 3847 malis
1201 3793 1419 3849 convertentium
1439 3795 1563 3850 moribus
1575 3796 1609 3850 ad
1624 3796 1713 3851 bunos
1724 3811 1814 3851 mores
1830 3810 1892 3850 con·

1105 3887 1253 3941 vertendus
1264 3895 1316 3942 εει.
1334 3886 1471 3953 Quoniam
1494 3903 1559 3959 erga
1585 3888 1663 3941 illunr
1679 3890 1754 3945 salus
1775 3889 1891 3943 iacienda

1104 3985 1156 4043 est,
1170 3977 1251 4033 debet
1274 3979 1358 4034 etiam
1383 3979 1440 4048 ipse
1455 3994 1605 4035 conversus
1627 3979 1719 4036 lacere
1730 3996 1796 4052 erga
1811 3980 1888 4044 alios;

1105 4076 1187 4138 atque
1201 4069 1237 4125 ita
1255 4086 1310 4124 non
1325 4071 1359 4125 ad
1375 4070 1474 4136 bonos,
1489 4070 1538 4125 sed
1559 4071 1593 4125 ad
1617 4073 1707 4127 rnnlns
1723 4088 1812 4127 mores
1828 4088 1890 4126 cou-

1105 4160 1230 4223 vertitur,
1243 4176 1306 4215 curn
1320 4161 1371 4216 boe
1384 4160 1408 4214 ei
1422 4162 1558 4231 praebetur
1569 4162 1735 4217 imitandum
1749 4178 1888 4219 converso·

1105 4253 1177 4321 quoi
1195 4250 1220 4307 ei
1236 4252 1386 4319 praestitum
1408 4260 1450 4307 est
1474 4253 1669 4308 convertendo.
1687 4255 1835 4324 Septimum
1851 4263 1888 4307 εει

1104 4341 1176 4409 quod
1191 4349 1218 4395 et
1233 4340 1298 4395 nulli
1321 4341 1400 4396 obest
1425 4350 1452 4396 ει
1475 4342 1587 4411 prodest
1616 4343 1712 4408 alicui,
1735 4352 1844 4412 excepto
1866 4342 1887 4396 si

257 4437 331 4493 vinis
343 4437 420 4491 libris
438 4436 554 4503 deditos,
571 4435 714 4491 sedetiam
731 4450 827 4492 omines
843 4437 967 4493 lronrines
988 4452 1051 4493 sen·
1101 4432 1185 4501 index
1200 4425 1359 4501 interroget.
1381 4428 1437 4486 Nee
1454 4432 1483 4485 in
1507 4433 1559 4487 boe
1580 4448 1691 4504 qnoque
1706 4448 1801 4506 genere
1817 4449 1888 4485 rnen·

259 4544 574 4601 euinquecomnrunenr,
588 4530 710 4585 dieentes
727 4550 733 4583 :
750 4530 779 4585 Si
793 4532 856 4601 quis
869 4530 903 4585 ad
917 4540 943 4585 te
954 4530 1052 4586 eoniu—
1069 4559 1092 4614 ὓ
1105 4522 1227 4576 tiendum
1238 4522 1299 4575 elil·
1317 4520 1377 4576 N⁰¹¹
1389 4522 1462 4577 essim
1478 4523 1643 4594 cujusquam
1657 4526 1834 4580 ⁰⁰¹¹¹¹¹¹⁰l¹5²³⁸
1845 4532 1886 4577 ³¹³¹

259 4623 324 4693 glan,
341 4622 388 4693 qui
404 4621 548 4677 mendacio
562 4631 609 4677 tuo
624 4623 740 4693 possita
755 4631 842 4677 morte
856 4622 978 4690 liberari,
996 4639 1051 4678 110„
1104 4614 1179 4669 salus
1192 4614 1351 4684 temporalis
1376 4615 1548 4685 perileiendae
1571 4616 1634 4672 irdei
1652 4616 1815 4688 preferenda
1828 4624 1883 4671 est:

258 4727 289 4767 es
314 4712 491 4769 mentiturus.
509 4710 538 4768 Si
552 4713 655 4785 aliquid
670 4721 788 4784 aegrotus
804 4713 956 4784 interroget
976 4714 1052 4785 qnod
1103 4718 1155 4759 bec
1176 4705 1199 4760 si
1218 4706 1365 4776 quisquam
1390 4706 1507 4762 inrecte
1528 4705 1609 4763 fartis
1633 4709 1737 4765 nostris
1755 4718 1805 4763 tam
1818 4706 1883 4760 male

258 4803 284 4858 cl
304 4804 374 4859 seire
393 4820 448 4859 non
468 4804 587 4875 expedit,
605 4805 653 4876 qui
669 4805 751 4860 etiam
771 4804 858 4875 possit
887 4812 983 4858 tenen
1006 4819 1051 4858 re·
1104 4811 1240 4863 moretur,
1256 4807 1285 4853 nt
1308 4799 1354 4853 liat
1368 4800 1451 4853 ctianr
1473 4799 1567 4855 animo
1588 4802 1720 4869 deterior,
1733 4803 1886 4871 longequea

261 4895 412 4963 spondente
427 4896 539 4967 gravius
552 4896 644 4967 affligi,
660 4895 811 4952 audebisne
828 4902 876 4951 aut
901 4908 995 4949 rerum
1011 4893 1053 4948 di·
1103 4889 1204 4959 pietate
1225 4888 1368 4944 remotior.
1392 4887 1540 4959 Propterea
1556 4899 1628 4946 recte
1652 4891 1724 4947 laeta
1749 4890 1886 4947 deserenda

259 4998 321 5040 cere
335 4986 362 5039 in
375 4988 524 5056 perniciem
539 4988 659 5043 bominis
680 4996 728 5042 aut
744 4987 837 5055 silere,
862 4986 1052 5056 potiusquam
1104 4989 1179 5049 sunt,
1204 4996 1267 5037 eum
1292 4981 1319 5035 id
1335 4982 1416 5037 nobis
1439 4983 1577 5053 praecipue
1593 4984 1750 5039 terrendum
1769 4985 1813 5049 sit,
1835 5000 1887 5053 qua

260 5075 375 5133 honesto
388 5086 415 5133 et
427 5078 596 5135 miserieordi
609 5078 753 5137 mendacio
764 5076 911 5133 valetudini
922 5077 983 5146 ejus
994 5078 1053 5148 opi·
1103 5088 1204 5128 tueare
1216 5084 1299 5145 atque
1312 5074 1428 5129 inritare
1442 5074 1574 5131 debemus
1588 5092 1661 5146 quos
1675 5080 1746 5132 sieut
1771 5086 1888 5131 nosmet·

258 5168 365 5224 tularil
380 5168 428 5225 llis
444 5172 535 5242 itaque
548 5172 649 5227 tulibus
661 5169 853 5240 copiosissime
871 5182 900 5225 se
914 5169 1053 5224 arbitran-
1104 5163 1180 5234 ipsos
1196 5165 1355 5235 diligimus;
1375 5163 1583 5237 fortissimoque
1603 5168 1698 5223 aninlo
1722 5168 1833 5222 bibenda
1850 5176 1889 5221 est

260 5272 305 5317 tnr
318 5278 425 5333 urgere,
442 5274 472 5320 ut
486 5264 510 5320 si
525 5264 686 5320 consulendi
709 5278 793 5319 causa
808 5262 892 5331 erigit
904 5262 1053 5334 aliquando
1104 5256 1150 5312 illa
1164 5258 1316 5327 apostoliea
1332 5259 1484 5313 sententia:
1496 5258 1707 5330 ‹aliisqnluern
1720 5277 1814 5315 suanus
1826 5262 1890 5313 odor

260 5355 436 5413 mentiamur.
458 5358 560 5413 Contra
577 5357 615 5411 illi
636 5356 738 5426 quibus
754 5355 841 5425 placet
862 5372 1001 5426 nunquam
1013 5356 1054 5411 sie
1103 5349 1167 5404 vilae
1181 5350 1208 5403 in
1222 5350 1321 5415 tilam:
1341 5351 1403 5407 aliis
1416 5351 1484 5406 odor
1494 5352 1593 5409 mertis
1605 5352 1631 5407 in
1647 5363 1762 5408 mortem
1773 5352 1817 5424 (il
1830 5352 1889 5408 cer.

259 5448 446 5504 mentiendum
473 5449 560 5504 nnrlto
587 5446 684 5503 lortius
706 5456 800 5519 agunt,
826 5455 934 5503 utentes
962 5447 1053 5519 primo
1104 5446 1163 5511 ni.»
1183 5439 1215 5494 Et
1231 5442 1330 5499 adbuc
1345 5442 1409 5511 quis
1426 5441 1568 5498 idoneus?
1581 5440 1715 5499 betarum
1737 5454 1889 5516 genusesm

259 5539 422 5593 anctoritate
444 5538 547 5603 divina,
560 5536 689 5607 quoniam
708 5536 735 5590 in
758 5537 819 5606 ipso
833 5535 967 5608 Decelego
983 5537 1053 5591 scri·
1103 5533 1178 5604 quod
1191 5544 1217 5589 ει
1238 5534 1307 5589 nulli
1333 5535 1423 5600 obest,
1438 5546 1466 5589 ει
1485 5533 1520 5589 ad
1541 5534 1595 5591 boe
1615 5535 1738 5606 prodest,
1754 5546 1782 5591 ut
1793 5537 1830 5591 ab
1843 5536 1892 5589 im·

259 5630 539 5697 p:rrnrest2‹Falsum
547 5626 1049 5700 testiinoninrnnedieas(excerpo
1104 5622 1239 5680 munditia
1265 5625 1401 5696 corporali
1426 5623 1546 5695 aliquem
1562 5632 1700 5693 tueamur,
1712 5626 1848 5680 duntaxat
1862 5640 1892 5679 m

260 5717 321 5786 Quo
344 5720 745 5792 genereeonrplcetimnromne
766 5720 950 5777 mendaeium.
968 5720 1052 5788 Quis·
1103 5718 1210 5774 ratione
1221 5732 1275 5789 qua
1287 5717 1415 5788 superius
1426 5716 1715 5774 commemoravimus.
1727 5715 1785 5773 Nec
1806 5718 1896 5773 inboe

259 5810 322 5874 puis
337 5809 409 5874 eplm
435 5810 537 5885 aliquid
564 5810 698 5876 enuntiat,
716 5810 902 5877 testimonium
929 5812 1053 5890 perbibet
1104 5826 1202 5884 genere
1223 5810 1275 5870 erit
1296 5808 1492 5877 merrtiendum,
1510 5809 1576 5879 quia
1591 5819 1619 5867 et
1642 5809 1670 5866 in
1685 5810 1767 5869 bouis
1785 5812 1900 5869 castitas

1987 3703 1989 3726 t

1987 3747 1989 3779 l
