4017 6342
303 360 348 420 492
760 353 853 409 rruco
872 348 1113 409 uueauuuusrs
1131 352 1431 411 arrcrrrsuseorus
1854 346 1895 415 tta
1983 326 1984 341 ¹

303 475 425 528 uolumus
438 474 471 527 ab
484 470 583 525 unitate
596 481 699 531 eorum,
715 468 741 519 in
752 482 865 537 corpore
882 474 982 522 sauctae
993 464 1084 520 Eeclc-
1098 476 1123 533 Α
1137 469 1164 521 iu
1176 466 1273 522 itinere
1284 467 1318 524 ab
1331 466 1441 536 liugane
1456 483 1465 516 ι
1480 466 1589 521 lucerua
1601 468 1715 523 ardente
1729 473 1756 523 ct
1772 467 1864 527 lucente
1873 472 1894 527 in
1983 496 1984 533 3

301 566 348 619 siae
361 564 394 619 ad
408 562 574 618 semicrudum
586 558 615 612 0.
630 556 709 612 Petro
730 558 820 613 diuina
831 558 986 628 dignatione
1009 574 1083 613 cour-
1133 558 1212 613 domo
1231 558 1351 621 Domini,
1380 556 1549 612 larrdnblliter
1573 558 1734 620 lronnrabili.
1757 568 1784 614 et
1801 560 1895 616 buuura-

299 655 371 723 pacti
391 667 493 714 suanus,
508 666 556 705 arec
573 650 739 709 discessisse,
755 665 804 706 nec
819 650 846 704 in
858 658 1014 720 perpetuum
1026 650 1081 707 lieo
1132 648 1221 703 biliter
1234 646 1371 711 laudabili,
1391 647 1560 717 Lugduueusi
1579 648 1705 717 primate,
1721 656 1749 703 et
1762 651 1895 718 apostoliea

297 746 445 799 rurimrante
455 742 631 807 discessuros,
645 740 699 793 tun
713 741 812 797 trabere
835 744 1002 813 propositum
1017 758 1082 813 apo·
1132 736 1203 792 sedis
1214 736 1300 807 legato
1310 744 1437 807 exceptus
1447 744 1498 801 est,
1511 743 1539 789 et
1549 737 1618 806 apud
1635 735 1793 806 Lugdunum
1804 750 1847 806 par
1858 754 1896 796 sex

296 832 398 887 stolicae
411 831 482 886 sedis
492 826 656 900 profectibus
670 830 756 885 modis
772 832 898 887 omnibus
913 834 1077 889 deservire.»
1131 827 1188 881 dies
1203 841 1250 896 pro
1263 826 1346 882 nimia
1361 840 1491 895 aquarum
1515 824 1673 879 inundantia
1687 833 1715 878 et
1729 823 1822 879 biemis
1834 840 1896 895 aspr-

292 918 364 977 'l'um
387 923 413 977 iu
427 922 565 977 eademde
577 918 688 991 llugone
701 917 798 976 abbate
813 931 841 976 et
856 922 995 977 monacbis
1015 922 1080 978 clu·
1131 917 1211 971 ritate
1238 918 1374 983 detentus,
1394 935 1403 967 r
1422 924 1449 970 et
1468 915 1592 970 omuibus
1617 917 1651 969 ad
1678 918 1731 970 iter
1754 920 1895 974 necessariis
1983 930 1984 941 ¹

295 1011 467 1066 niacensibus
490 1008 667 1079 conqueritur
688 1008 740 1065 sibi
765 1018 853 1098 tantas
865 1010 899 1065 ab
913 1014 953 1068 eis
967 1012 1080 1079 injurias
1131 1006 1294 1074 insturctus;
1312 1010 1354 1062 cui
1369 1017 1397 1063 et
1411 1022 1443 1063 ex
1458 1008 1554 1061 itinere
1565 1021 1676 1061 reverso
1689 1006 1763 1062 dedit
1774 1008 1893 1076 epistolant
1983 1042 1984 1075 2

295 1102 399 1165 iuicrri,
417 1110 446 1155 ut
462 1098 575 1171 cespati
595 1116 649 1155 uon
663 1099 759 1169 possit,
773 1116 871 1169 nempe
883 1115 912 1155 se
937 1102 970 1157 ab
984 1101 1037 1157 illis
1049 1112 1079 1157 ut
1130 1101 1162 1154 ad
1183 1099 1329 1154 liebertum
1353 1098 1486 1154 Flnndriae
1504 1098 1628 1153 comitem
1657 1098 1892 1155 commendatitiam.
1983 1104 1984 1113 ³

288 1193 496 1249 schismaticum
509 1201 537 1247 et
551 1191 707 1247 schismatis
720 1200 859 1245 auctorem
871 1200 898 1245 et
914 1190 952 1245 uti
967 1205 1077 1246 oscoru-
1128 1194 1206 1248 duno
1220 1192 1288 1249 tbbt
1306 1191 1425 1245 babitunr
1449 1200 1491 1246 cst
1505 1190 1648 1247 concilium
1661 1190 1893 1261 Augrrstoduneusc,

295 1286 459 1341 rtrrtnicatum
474 1280 566 1347 uitari,
579 1282 700 1354 allegatis
713 1283 873 1353 quibusdam
886 1283 988 1338 Urbani
1004 1299 1078 1353 papae
1128 1285 1198 1355 quod
1214 1283 1373 1340 Bertlroldus
1384 1298 1417 1337 eu
1429 1283 1533 1353 irrigari
1561 1281 1692 1336 uocabulo
1713 1286 1801 1334 dutuu
1822 1281 1895 1339 (istiu-

291 1376 408 1437 littcris.
421 1390 488 1445 quas
509 1384 649 1444 suspectas
670 1374 782 1429 reddere
803 1384 991 1438 conatur,ete.
1009 1373 1036 1427 Si
1050 1374 1076 1427 in
1129 1384 1370 1445 nensenuneupat,
1391 1372 1498 1445 praefuit
1523 1372 1599 1444 liurgn
1626 1382 1728 1438 noster,
1751 1370 1855 1427 adicere
1866 1372 1894 1427 ii.
1983 1392 1984 1395 ¹

293 1468 528 1523 illumcomurotus
550 1476 591 1522 est
613 1466 748 1530 Urbanus,
779 1466 870 1521 statim
894 1466 1001 1521 sedatus
1024 1474 1075 1530 cst,
1127 1466 1254 1537 episcopi,
1271 1466 1434 1534 abbatesque
1458 1462 1658 1534 quamplurimi.
1680 1462 1709 1517 ln
1727 1476 1760 1515 ee
1775 1462 1890 1517 lateralia

292 1560 383 1615 statim
404 1560 429 1614 ci
444 1559 478 1615 ab
504 1560 563 1628 ipso
588 1559 661 1614 aedis
686 1557 932 1629 apostolicaelcgati
961 1553 1076 1629 dignitas
1127 1568 1271 1614 renouatur
1295 1556 1542 1613 excommunicatio
1574 1554 1683 1611 llonriei
1712 1554 1893 1625 imperaturis,
1983 1580 1984 1615 3

292 1652 436 1705 restituta:
454 1650 503 1704 lroc
517 1649 611 1705 eodem
625 1648 722 1718 quippe
742 1662 814 1703 auno
839 1648 1033 1704 absolutionem
1049 1650 1076 1703 in
1126 1650 1246 1705 Guiberti
1272 1648 1414 1719 antipapa,
1437 1657 1464 1702 et
1484 1647 1598 1717 Plrllippi
1620 1646 1742 1702 Francia·
1755 1645 1825 1717 regis
1839 1649 1893 1716 qui,
1983 1664 1984 1699 i

291 1742 420 1797 extremis
430 1740 597 1795 'lbeoderieo
616 1736 778 1795 virdunensi
796 1739 932 1811 episcopo,
946 1740 990 1808 qui
1004 1739 1075 1795 lleu·
1125 1742 1222 1812 rejecta
1234 1740 1334 1797 liertba
1348 1741 1471 1811 coujrtge,
1481 1740 1635 1794 bertradam
1651 1739 1801 1793 induxerat.
1815 1738 1896 1793 Exstat

291 1833 348 1887 rico
361 1832 515 1903 imperatori
538 1829 678 1901 praelracte
702 1830 852 1885 adhaeserat
866 1845 881 1883 a
895 1830 998 1885 duobus
1018 1843 1074 1885 ιιιο-
1090 1816 1111 1874 Β
1127 1832 1244 1903 lingonis
1257 1832 1369 1903 epistola
1388 1846 1440 1902 qun
1453 1830 1625 1885 lambertum
1638 1828 1838 1884 atrebatensem
1849 1831 1895 1899 rpi·
1983 1842 1984 1893 j

289 1924 385 1979 trachis
406 1938 561 1979 concessam
589 1921 747 1994 approbarit
768 1922 910 1994 synodus«
927 1922 969 1978 cui
983 1924 1075 1994 praesi-
1124 1939 1233 1994 scopum
1248 1928 1281 1980 ad
1292 1922 1503 1993 baucsyuodum
1528 1920 1636 1975 inuitat.
1655 1919 1768 1975 Praeluit
1784 1930 1812 1975 ct
1828 1920 1895 1975 alteri

289 2014 371 2070 debat
387 2014 491 2086 legatus
501 2012 654 2084 apostolieae
668 2013 740 2068 sedis
758 2010 847 2083 lingo,
859 2013 992 2081 querulam
1004 2028 1074 2081 prse-
1124 2016 1251 2072 AEdueusi
1265 2016 1414 2072 boceoderu
1426 2028 1506 2080 armo,
1516 2021 1579 2069 utet
1588 2010 1750 2077 Briuatensi,
1762 2020 1792 2066 et
1802 2010 1895 2066 [tolensi
1983 2012 1984 2079 ,

289 2104 331 2159 tul
354 2103 468 2166 ὓῐιιιεῑδ,
491 2112 553 2157 tuuc
581 2102 766 2173 Lugdunensis
788 2102 937 2172 episcopus,
959 2120 969 2153 r
988 2102 1074 2170 iuquit
1121 2107 1266 2177 colloquio.
1281 2106 1382 2160 Eodem
1398 2120 1469 2160 auno
1483 2103 1556 2158 dedit
1578 2102 1800 2157 cluniacensibus
1813 2117 1897 2157 rnoua·
1983 2104 1984 2107 ’

289 2194 358 2250 illst·
371 2194 453 2262 episc·
468 2192 581 2247 Virduu.
597 2207 612 2245 ι
626 2192 771 2246 Laurentio
781 2192 815 2245 de
838 2188 939 2245 Leodio
952 2192 1073 2245 conseri·
1123 2200 1181 2253 ubis
1196 2196 1337 2253 ecclesiam
1362 2194 1391 2251 S.
1418 2194 1548 2251 desiderii
1564 2194 1589 2249 iu
1607 2192 1734 2257 Bressia;
1754 2201 1781 2247 ct
1794 2192 1819 2245 in
1839 2191 1897 2246 leste
1983 2224 1984 2273 3

284 2294 343 2355 pn.
359 2284 430 2340 taen
447 2292 560 2338 restatur
574 2281 670 2337 Porrus
685 2280 873 2347 Venerabilis.
892 2282 938 2336 uu.
951 2298 975 2348 ι,
992 2282 1072 2336 tttra-
1123 2288 1151 2344 s.
1168 2288 1279 2344 tirannis
1292 2287 1430 2359 baptista,
1445 2286 1556 2355 jardonis
1581 2283 1692 2340 Urbaauo
1709 2284 1740 2347 ιι,
1760 2281 1896 2337 Fartcouen

287 2379 353 2446 cul.,
369 2394 429 2449 cap.
442 2378 488 2443 00,
505 2377 547 2431 bis
563 2376 653 2431 uerbis
669 2393 676 2428 :
692 2392 701 2425 ι
720 2374 785 2429 Erat
798 2382 859 2428 tuuc
869 2373 938 2429 sorte
961 2374 988 2429 iu
1014 2374 1071 2431 loco
1121 2378 1256 2449 audegari
1282 2377 1407 2431 comitem
1429 2376 1456 2427 iu
1483 2373 1647 2429 monasterio
1662 2373 1691 2427 S.
1709 2371 1837 2427 Florentii
1857 2371 1898 2425 ab·

285 2469 474 2541 Lugdunensis
504 2467 632 2523 Ecclesia
661 2466 878 2536 arciricpiscupus
910 2464 1071 2520 uenerabilis
1122 2468 1201 2522 soluit
1223 2468 1257 2521 ab
1280 2464 1557 2520 excommunicatione
1583 2478 1635 2532 qua
1664 2462 1808 2517 innodatus
1836 2470 1898 2516 erat.

288 2562 364 2635 lingo
377 2562 461 2617 multa
476 2576 581 2616 morum
596 2558 733 2629 probitate
744 2568 772 2611 et
787 2555 909 2626 religiosa
930 2570 1071 2611 conversa·
1121 2554 1236 2610 Litteras
1247 2554 1425 2609 absolutionis
1449 2552 1578 2608 exhibent
1592 2552 1753 2605 Sirmorulus
1776 2552 1803 2604 in
1818 2548 1897 2619 elogio

286 2658 379 2725 tiuare,
393 2672 408 2711 a
422 2656 454 2710 b.
477 2670 544 2725 papa
569 2652 679 2709 Urbano
691 2658 850 2705 cunctarum
874 2647 1068 2703 lerrncGallia·
1120 2645 1447 2709 Goiridil'iudociueusis.
1460 2656 1487 2700 ct
1498 2644 1580 2699 tonal
1599 2643 1668 2698 Gall.
1682 2642 1897 2711 Clarist.,pag.5.
1983 2668 1984 2703 ι

285 2764 345 2803 runr
374 2746 536 2803 constitutus
561 2744 675 2815 legatus.
693 2740 1069 2810 ridemprobatquodauuo
1119 2739 1197 2794 Circa
1213 2740 1355 2807 irltempus
1366 2737 1516 2809 prodigium
1530 2737 1593 2791 illud
1604 2734 1702 2791 accidit
1718 2738 1790 2804 quod
1803 2733 1898 2789 descri-
1983 2762 1984 2767 κ

284 2838 365 2904 1000,
378 2854 439 2895 cuur
457 2836 584 2893 Salruurii
598 2842 680 2900 esset,
694 2832 727 2889 lis
739 2832 861 2903 quaedam
871 2832 905 2886 de
915 2830 1069 2901 Campiuia-
1119 2832 1158 2886 bit
1169 2831 1265 2887 Petrus
1281 2830 1446 2886 Venerabilis
1461 2830 1498 2885 lie
1523 2828 1671 2892 miraculis,
1687 2827 1732 2883 lib.
1749 2843 1769 2890 ι,
1782 2842 1842 2897 cap.
1856 2825 1897 2881 00.

284 2945 317 2985 co
339 2929 394 2997 ianr
421 2929 465 2984 diu
489 2927 589 2997 agitata
616 2926 687 2981 inter
711 2924 859 2980 monaobos
877 2922 906 2977 S.
922 2922 1009 2993 Sergii
1041 2934 1069 2978 et
1119 2923 1347 2997 lugentillaurma
1365 2918 1899 2991 biarciaceusispartbeuouisomuiadc·
1983 2932 1984 2987 ι

282 3021 314 3077 S.
333 3019 423 3075 Albini
454 3017 661 3089 dudegavauscs
682 3014 824 3069 delataest
838 3013 970 3083 adipsum
984 3014 1068 3066 nirunr
1118 3020 1350 3080 uastante,‹crat
1371 3024 1435 3067 turtc
1466 3011 1536 3067 sorte
1567 3011 1595 3065 in
1625 3008 1685 3065 inco
1716 3008 1899 3081 Lugdunensis
1983 2996 1984 3061 l

279 3114 430 3181 spectandae
440 3109 543 3165 uirtutis
553 3108 663 3164 citatius
672 3104 767 3163 Gallie
777 3104 1066 3173 primateminquiuut,
1118 3104 1245 3160 Ecclesiae
1258 3103 1507 3175 arciriepiscopus...
1522 3104 1622 3159 cttrsim
1639 3102 1798 3158 monialium
1831 3102 1900 3157 clau-

282 3201 329 3271 qu'i
346 3216 406 3257 eam
426 3200 557 3271 episcopis
569 3194 903 3271 prounctaadetinteudan
920 3195 1065 3251 commisit.
1117 3210 1203 3254 strum
1215 3196 1373 3265 ingreditur,
1392 3210 1485 3253 amires
1507 3208 1612 3252 surrrrna
1627 3195 1764 3260 instantia,
1782 3204 1811 3249 ut
1832 3193 1900 3264 peri·

317 3288 587 3361 dnu0l092,l‘oppo
601 3286 769 3345 Treuirensis
783 3284 897 3341 clericus
910 3284 1066 3341 electusest
1116 3290 1176 3345 culn
1201 3289 1318 3354 cedant,
1342 3288 1480 3354 lrortatur;
1508 3302 1624 3357 cumque
1645 3286 1698 3343 illas
1722 3288 1837 3342 omniuo
1862 3301 1902 3340 re·

281 3379 310 3435 in
336 3379 481 3435 lietensem
505 3379 672 3450 episcopum,
685 3386 713 3432 et
728 3376 890 3446 quiaeuma
913 3374 1064 3430 Treuirensi
1115 3388 1241 3445 nuerent,
1256 3385 1284 3433 et
1297 3376 1373 3449 prius
1398 3392 1428 3435 se
1452 3392 1531 3448 posse
1550 3378 1617 3435 mori
1633 3392 1715 3449 quam
1733 3377 1899 3448 propositum

282 3469 403 3525 arrtistite
421 3467 654 3524 schismaticorum
674 3462 864 3520 commuuione
882 3464 1065 3521 contaminato
1115 3470 1261 3534 infringere
1280 3478 1436 3527 constanter
1460 3470 1637 3536 uiirrmarent,
1648 3470 1690 3537 ait
1703 3486 1710 3523 :
1725 3470 1766 3525 Ex
1781 3470 1901 3526 nuciam.

280 3561 400 3617 ordinari
423 3559 533 3615 timebat
549 3554 659 3614 lacento
674 3556 757 3614 abbas
768 3553 936 3611 divionensis
952 3596 959 3622 ,
976 3554 1065 3623 llrrgo-
1116 3561 1336 3618 intentionenr
1353 3562 1383 3617 tt,
1403 3576 1488 3632 papea,
1504 3573 1584 3633 arque
1603 3562 1710 3618 annana
1728 3562 1818 3618 geg-gri
1839 3562 1901 3617 ppa-

282 3649 479 3722 uem'Lugduu.
495 3648 727 3719 archiepiscopum
742 3662 804 3703 cum
821 3646 926 3703 duobus
936 3648 993 3704 suis
1009 3645 1064 3703 sul·
1114 3652 1213 3707 dientia
1228 3652 1305 3707 robis
1319 3650 1445 3722 praccipio
1457 3660 1487 3705 ut
1501 3651 1533 3706 ad
1545 3665 1662 3718 prasens
1674 3651 1737 3707 binc
1749 3652 1902 3707 exeatis...

279 3742 416 3814 fragaueis
439 3739 628 3798 blatisconensi
658 3747 686 3796 ct
706 3738 869 3812 Lingouensi
894 3742 1062 3813 praesulibus,
1113 3744 1153 3799 dd
1173 3743 1230 3799 baec
1256 3743 1378 3814 quadam
1405 3741 1690 3813 uraguauobilitatis:
1709 3740 1782 3806 Noli,
1806 3741 1901 3812 inquit,
1983 3732 1984 3801 J

281 3854 294 3889 a
312 3851 359 3906 per
372 3834 477 3891 bella'et
488 3833 601 3905 gladios,
617 3850 679 3891 cum
693 3834 784 3890 omnia
802 3843 915 3890 mortem
929 3835 1063 3889 intentare
1114 3834 1251 3889 lrucuobis
1273 3831 1422 3903 injungere,
1449 3831 1519 3901 quod
1549 3832 1626 3887 uobis
1644 3846 1798 3903 agereuon
1825 3831 1903 3895 licet3
1983 3824 1984 3893 ,

280 3928 451 3993 uiderentur,
480 3926 570 3982 dietim
591 3940 676 3996 usque
695 3924 843 3988 dedendas
870 3938 955 3994 aquo
972 3924 1063 3996 Poppo
1112 3925 1159 3979 sed
1174 3924 1243 3995 sicut
1255 3940 1304 3979 nos
1319 3925 1407 3995 ignem
1423 3923 1545 3994 praecipis
1560 3922 1663 3994 lugere.
1680 3923 1717 3977 ita
1730 3924 1823 3993 magis
1838 3922 1902 3993 igni,
1983 3914 1984 3969 i

279 4026 524 4075 rorrseerutusesta
542 4018 627 4089 prima
649 4015 817 4071 bebdomada
832 4014 1060 4087 Quadragesimae.
1113 4025 1170 4072 utu
1189 4017 1266 4073 nobis
1284 4015 1378 4088 lugiat,
1399 4016 1499 4112 qirtute
1520 4014 1621 4071 Clrristi
1642 4030 1766 4072 aruratus
1783 4015 1903 4087 injunge.
1983 4014 1984 4073 l

278 4110 406 4178 Sequenti
431 4122 503 4163 auno
529 4106 673 4162 lliclrerius
699 4120 749 4176 pro
779 4104 985 4159 consecratione
1013 4120 1061 4160 sua
1110 4110 1243 4181 adquam
1263 4108 1903 4179 mulierislldemstupefactusarciriepffscopns,

277 4199 434 4273 Lugdunum
448 4200 641 4265 teniesssa'wm
659 4207 828 4253 Sttfflmessw
841 4210 871 4251 ⁵0
894 4195 928 4251 de
947 4196 1060 4252 Simonis
1111 4218 1143 4259 ac
1159 4202 1247 4259 subito
1258 4213 1285 4258 et
1300 4202 1356 4272 ipse
1373 4202 1425 4258 lide
1447 4202 1575 4273 repletus,
1589 4202 1628 4257 uit
1643 4217 1651 4255 :
1665 4201 1694 4257 ln
1716 4203 1834 4257 tramine
1856 4200 1906 4257 llo-

276 4298 428 4361 purgasset,
440 4290 467 4344 in
480 4288 524 4343 die
536 4296 629 4344 800110
649 4286 759 4343 Pascit}
785 4296 960 4342 consectatus
974 4293 1026 4341 esl-
1047 4306 1057 4338 ι
1110 4293 1187 4358 urrini,
1200 4302 1228 4347 et
1236 4306 1284 4363 per
1296 4292 1422 4347 uirtutem
1441 4292 1501 4347 lidei
1527 4290 1679 4362 lurjusqrue
1702 4308 1780 4348 urrnc
1814 4294 1904 4347 locuta

276 4384 312 4437 lta
324 4382 399 4453 lingo
422 4380 607 4435 listiniensis.
624 4379 714 4434 uiliter
737 4377 899 4433 Laurentius
913 4377 946 4431 de
961 4374 1059 4433 leodio
1109 4394 1159 4449 est,
1173 4384 1279 4450 recede,
1294 4384 1362 4455 iguis
1374 4384 1495 4453 pestifer,
1509 4386 1543 4441 nb
1560 4386 1719 4441 dracilianum
1732 4385 1785 4441 ner
1798 4384 1907 4441 pappa.

274 4475 302 4528 in
310 4474 425 4529 llistaria
436 4470 847 4544 cpiscoporum‘Virduneusium,
860 4469 905 4539 qui
917 4470 951 4523 de
963 4467 1059 4523 llielre·
1072 4498 1096 4559 n
1109 4474 1209 4529 culis...
1223 4472 1296 4529 llisa
1311 4474 1438 4543 poutidce
1459 4474 1548 4531 uerbis
1571 4474 1695 4545 prolatis,
1720 4484 1844 4546 repense
1859 4475 1905 4528 rm.
1983 4532 1984 4555 Ξ

274 4566 316 4620 rio
330 4567 369 4621 sic
392 4563 655 4634 loquiturtudnno
671 4560 806 4615 incarnat.
822 4558 890 4615 1000
914 4560 1057 4617 liiclrerins
1108 4564 1236 4619 ruensitas
1259 4563 1428 4619 flammarum
1456 4564 1583 4620 invisibili
1612 4565 1713 4622 uirtute
1736 4580 1906 4637 repressa...
1983 4574 1984 4577 ’

273 4656 374 4710 electus
389 4664 431 4711 cst
456 4651 566 4708 virduni
585 4650 743 4723 episcopus;
768 4650 815 4707 sed
841 4651 904 4723 quia
929 4650 1057 4707 lloruanae
1106 4654 1176 4710 ultra
1189 4653 1397 4725 procederenon
1412 4656 1509 4725 potuit,
1526 4664 1554 4711 et
1574 4656 1677 4723 absque
1698 4656 1756 4713 ullo
1783 4659 1906 4714 lrumano

272 4744 400 4801 Ecclesia
420 4742 551 4801 oileusam
574 4742 746 4807 incurrerat.
769 4750 870 4811 septem
896 4741 974 4796 annis
996 4740 1056 4796 εῑιιθ
1106 4746 1239 4815 subsidio,
1264 4748 1368 4818 absque
1396 4746 1485 4819 aliqua
1509 4747 1607 4817 pluria
1629 4756 1722 4819 gruta,
1746 4747 1905 4805 incredibili

272 4836 416 4907 episcopali
436 4836 622 4891 benedictione
647 4833 796 4906 permansit
812 4832 1055 4889 :donecallodul-
1106 4836 1245 4894 celeritate
1271 4837 1443 4907 seruetipsnm
1467 4838 1607 4893 exstinxit.
1625 4857 1634 4889 r
1651 4838 1755 4895 Eodem
1787 4840 1908 4909 denique

272 4923 299 4978 lu
311 4926 340 4979 S.
355 4925 443 4980 Vitoui
458 4925 566 4991 abbate,
579 4940 650 4980 anno
672 4939 726 4995 quo
750 4922 878 4981 Urbanus
899 4938 968 4996 papa
985 4926 1055 4995 apud
1106 4944 1187 4992 atauo.
1203 4928 1296 4985 indict.
1317 4946 1349 4995 u,
1364 4929 1438 4985 dedit
1451 4929 1556 5001 llugoui
1569 4928 1745 4987 cluniacensi
1770 4931 1866 4990 altare
1876 4931 1908 4989 de

270 5016 499 5072 illarummoutem
528 5017 657 5089 synodum
692 5015 857 5084 celebrauit,
890 5016 1055 5089 Lugdunum
1104 5018 1248 5077 lieortorio
1262 5018 1446 5076 cumecclesia
1464 5020 1493 5075 S.
1505 5020 1580 5077 l‘auli
1595 5021 1667 5077 inira
1678 5022 1813 5093 eiusdem
1825 5025 1908 5081 castri

268 5107 368 5164 ductus
381 5120 423 5164 cst
435 5108 480 5164 ubi
500 5124 561 5165 curn
583 5108 660 5179 llogo
680 5109 854 5177 archipresul
867 5119 929 5179 post
946 5110 1055 5180 abjura·
1106 5110 1295 5173 munitionem,
1307 5110 1357 5166 sub
1368 5110 1476 5166 arrnuali
1487 5126 1568 5166 ceusu
1586 5126 1602 5163 u
1629 5112 1787 5169 solidorum
1803 5154 1813 5180 ,
1831 5112 1909 5183 cuius
1983 5114 1984 5117 ’

268 5198 370 5253 tionem
382 5198 550 5254 ilenricianae
562 5200 647 5270 partis
659 5198 686 5253 iu
703 5198 734 5253 S.
749 5198 874 5254 Pascbali
890 5198 1008 5252 Sabbata
1022 5198 1053 5251 in
1104 5202 1191 5258 media
1214 5218 1277 5273 pars
1303 5203 1428 5259 solvenda
1453 5202 1523 5257 louet
1537 5203 1562 5257 in
1577 5202 1645 5258 leste
1659 5205 1752 5259 sancti
1782 5202 1908 5265 Martini.

267 5290 464 5363 presbyterum,
481 5293 508 5346 iu
523 5292 566 5347 die
586 5301 675 5345 auteur
686 5290 761 5344 ¹lesto
782 5290 809 5344 in
823 5291 970 5344 antistitem
989 5304 1054 5343 enu-
1104 5294 1191 5349 rncdia
1208 5294 1234 5348 iu
1250 5292 1439 5350 lucidatione
1457 5294 1489 5348 B.
1514 5293 1549 5347 ll.
1566 5308 1598 5349 ex
1611 5292 1754 5349 chartario
1782 5296 1909 5352 secrttulu

268 5385 393 5439 sectarii.
409 5384 555 5448 Reuersus,
570 5382 765 5451 aceepiscopis
777 5382 834 5437 suis
859 5380 984 5450 Pappoue
999 5380 1053 5436 lile-
1104 5385 1235 5447 Cluniae..
1251 5384 1297 5439 iol.
1312 5386 1376 5447 010,
1391 5387 1485 5440 charta
1496 5386 1557 5441 500.

269 5476 337 5529 tcusi
348 5485 375 5528 et
386 5474 485 5529 Pibone
500 5474 630 5535 Tullensi,
645 5482 672 5526 et
684 5488 698 5525 a
711 5479 764 5527 tota
780 5474 848 5528 urbe
866 5473 1053 5527 decentissime
1138 5476 1216 5532 Aurio
1229 5477 1297 5533 1003
1311 5478 1344 5531 aul
1355 5476 1539 5532 Placentinum
1565 5477 1590 5531 iu
1605 5476 1808 5548 Longolrardia
1828 5494 1910 5550 syno-

268 5575 409 5634 susceptus
421 5576 471 5620 cst.
494 5585 502 5615 r
521 5564 757 5618 Αιιιιο10οδιιιιιι
777 5564 938 5618 Laurbertus
952 5563 1053 5619 electus
1104 5564 1166 5619 dum
1184 5573 1303 5628 uocatus,
1330 5581 1391 5623 curn
1413 5583 1465 5621 uon
1491 5567 1615 5632 venisset,
1632 5583 1683 5621 uec
1696 5566 1832 5639 legatum
1847 5585 1910 5623 cum

268 5652 1051 5721 dtrcbatensisantistcsametropolitanosuoprocunso·
1102 5656 1234 5709 carronicu
1253 5659 1427 5715 excusatione
1450 5676 1498 5729 pro
1518 5675 1546 5715 se
1560 5659 1722 5725 direxisset,
1752 5662 1794 5716 ab
1818 5661 1911 5717 ‹adnio
1983 5656 1984 5659 ’

269 5746 388 5800 eratione
412 5758 459 5798 sua
476 5742 658 5808 deluderetur,
675 5742 786 5796 lionraur
811 5744 947 5813 protectus
962 5754 1052 5808 cst,ct
1102 5760 1248 5814 suspensus
1273 5756 1325 5813 cst,
1352 5748 1440 5819 iuquit
1462 5750 1620 5809 bertholdus
1646 5751 1910 5820 Czurstautieusis;
