4017 6342
111 360 155 417 gg,
519 344 653 402 ruonss
677 341 850 401 ιιιιιιιιιιι
869 340 1092 400 saucronun.
1115 373 1152 387 .-
1170 344 1235 401 ιιιι.
1251 342 1294 401 ιι.

112 476 176 533 trica,
190 474 250 521 ertia
263 463 382 517 coccinea
395 456 483 535 (Crat.
499 473 535 517 ιι.
548 459 576 529 5)
591 458 634 513 cui
646 458 672 512 iu
689 456 765 528 (259.)
782 455 882 511 Sirasi·
899 462 922 519 ,l
1201 455 1402 515 cncttu'ttlnt
1423 454 1462 513 ΙΙΙ.

110 564 158 619 rim
177 569 270 627 rpousoe
294 549 476 606 assimilantur
497 546 568 604 lulio
593 547 698 621 (ibid.);
718 546 782 617 quoia
796 547 885 600 nmrris
1058 545 1097 600 ue
1111 548 1191 603 clauis
1206 546 1350 604 Dominicis
1364 558 1387 603 et
1406 548 1497 605 iuncea
1516 551 1616 604 mulius.

111 651 223 709 doctriua
242 642 393 715 euangelica
408 650 435 698 ct
449 642 605 696 authentica
621 638 767 695 llominicm
781 638 886 703 passio·
973 635 1027 692 Sed
1041 637 1104 709 quid
1119 640 1285 694 censerulum
1301 649 1341 693 est
1360 638 1395 695 de
1412 639 1617 710 pretiosissimis
1632 640 1728 709 claris,

110 743 148 799 uis
165 734 329 797 auctoritate,
348 732 424 802 qrrasi
449 746 545 785 cruore
569 728 688 801 prodeo,
710 736 752 783 cst
771 727 836 783 illita
858 734 886 780 ct
935 740 986 797 per
1003 742 1099 781 mantus
1113 736 1141 783 ct
1155 729 1238 797 pedes
1254 727 1418 795 liominicos,
1440 730 1466 784 iu
1482 746 1591 787 erucem
1605 742 1728 787 sanctam

109 830 212 903 perdita
227 845 233 880 ε
248 834 274 881 ct
290 826 351 881 dum
369 825 442 880 rroxii
458 825 593 894 cogitatus
607 839 641 878 cx
657 822 825 877 immissione
839 820 887 873 ad-
937 816 1097 887 transibis?
1119 816 1183 887 qrrid
1206 816 1239 873 dc
1263 817 1383 873 salvibca
1411 820 1509 877 militis
1532 821 1644 879 tanam!
1669 839 1730 895 quae

110 920 217 977 rcrsaria
230 918 374 973 rolruntur
392 924 481 970 mcute
502 915 596 975 tacita,
619 916 641 968 si
658 915 756 968 clirium
774 912 888 969 misera·
939 908 1070 965 ilrrminici
1086 910 1237 981 sauguinis·
1252 922 1280 964 et
1299 910 1369 965 sacri
1388 910 1573 981 Raptisruatis,
1593 915 1625 971 de
1645 915 1730 973 latere

111 1012 182 1067 tionis
198 1016 318 1079 respectu
338 1006 475 1061 ilrrctuauti
493 1004 594 1075 pectori
618 1004 692 1073 (253)
718 1003 887 1058 urediciualis

109 1120 151 1179 per
170 1103 264 1173 digitos
288 1099 451 1171 imprimitur
473 1098 576 1164 sarucia,
603 1096 735 1167 urridquid
764 1094 887 1151 illicitum

108 1193 268 1249 cruciarium
293 1198 437 1252 tracmlur,
459 1196 490 1243 ut
510 1187 611 1243 letbale
630 1188 706 1241 uirtus
723 1186 887 1264 calcabitur,

109 1296 132 1341 et
142 1284 260 1355 abjicitur
273 1281 361 1336 uitalis
374 1280 444 1351 sigui
454 1279 584 1346 uictoria,
599 1288 627 1334 et
641 1278 715 1351 (idid)
733 1292 887 1349 compressa

111 1378 172 1433 lurra
199 1385 225 1429 ct
251 1374 405 1429 inordinata
430 1373 637 1443 cogitationum,
661 1372 739 1442 qrrasi
760 1370 887 1433 crinium,

110 1466 288 1532 commotio,
320 1466 403 1521 ructui
438 1466 556 1531 anime,
585 1465 667 1537 capiti
696 1464 830 1521 naturalis
862 1472 889 1516 ct

943 1000 1073 1057 Crucillri
1095 1002 1201 1057 Domini
1222 1002 1316 1058 clicuit
1339 1013 1367 1058 et
1392 1007 1519 1073 produxit
1540 1010 1730 1081 ruysteriail)

939 1107 1021 1163 qrram
1036 1096 1166 1166 praeclara
1183 1096 1384 1151 Dorrrinicorum
1400 1098 1547 1167 clavorum,
1560 1110 1588 1157 et
1605 1102 1732 1161 salutaris

940 1184 1042 1241 lanceae
1057 1185 1182 1254 specialis
1208 1188 1347 1253 materies,
1363 1202 1423 1259 qum
1439 1191 1498 1243 auri
1524 1200 1552 1246 et
1572 1196 1676 1265 argenti
1699 1211 1732 1253 ac

939 1273 1061 1328 omnium
1080 1274 1251 1330 metallorum
1267 1275 1345 1347 louge
1355 1277 1464 1333 excellit
1482 1280 1597 1349 specics,
1611 1298 1664 1353 qrra
1677 1300 1730 1341 nen

939 1380 989 1434 per
1003 1365 1165 1421 discordiam
1188 1367 1215 1421 in
1238 1368 1386 1437 perniciem
1408 1365 1530 1425 mutuant
1557 1375 1732 1442 armarium!

941 1457 1047 1511 iuterna
1074 1458 1293 1527 catacumbarum
1317 1475 1410 1529 parem
1432 1462 1509 1517 borum
1524 1462 1673 1522 uoluntatis
1685 1484 1734 1523 au·

111 1557 227 1613 diriultus
242 1557 316 1611 imici
330 1559 448 1621 decoris,
463 1565 605 1625 reparatur
618 1554 778 1625 compositio
792 1556 891 1611 decens
941 1551 1009 1620 galis
1034 1550 1211 1606 corrimrlcrati
1236 1562 1300 1607 sttrrt
1326 1553 1469 1610 immines!
1494 1554 1517 1611 0
1532 1571 1612 1626 quam
1627 1570 1733 1624 sancta,

111 1659 263 1719 rtruugma.
278 1645 358 1701 Omni
374 1656 505 1701 creature
518 1646 684 1704 dominamr.
697 1646 785 1699 nrnrris
800 1660 890 1699 rerum
941 1656 1022 1709 utram
1037 1642 1257 1713 pretiossimam
1274 1644 1370 1708 dulcis,
1387 1661 1469 1716 (illam
1484 1646 1609 1703 mutabilis
1619 1657 1647 1704 cl
1660 1650 1734 1704 dub-

111 1750 197 1793 uatura
217 1738 277 1805 jurc
301 1738 326 1791 ei
347 1737 522 1793 famulantur.
550 1737 578 1792 ln
601 1746 718 1808 qrratuor
745 1737 889 1792 elementis
941 1734 1050 1811 stabilis
1068 1734 1132 1788 leni
1155 1736 1283 1797 materia,
1306 1737 1377 1791 unde
1397 1738 1466 1793 clari
1491 1744 1517 1794 iu
1533 1754 1614 1795 cartre
1634 1743 1733 1799 corrixi

111 1840 136 1885 ct
151 1828 273 1884 omuibus
288 1843 350 1898 quare
369 1836 495 1883 constant
514 1841 549 1883 er
572 1827 735 1883 eisuirtutis
757 1842 813 1881 suac
832 1842 891 1880 ma·
907 1808 928 1868 Β
944 1823 1094 1891 llurrrinica,
1114 1826 1186 1881 rrrrdc
1212 1826 1340 1883 salutaris
1355 1843 1469 1898 procusa
1492 1839 1535 1885 cst
1558 1830 1663 1898 lancea,
1687 1848 1735 1905 per

110 1917 278 1989 guitlceutiam
292 1918 393 1981 exerit,
406 1917 469 1972 dum
483 1916 575 1989 digitis
589 1916 616 1970 in
631 1930 695 1971 acre
717 1930 888 1985 cupressum,
941 1929 1023 1985 qrraru
1037 1913 1161 1970 ssarrrmca
1187 1916 1305 1986 paradisi
1330 1928 1433 1973 remota
1453 1929 1495 1975 est
1516 1923 1643 1993 romphea
1656 1922 1734 1993 (Gerr.

111 2021 242 2065 remorum
265 2006 607 2081 mllisieucsetiulgurum
619 2007 891 2063 coruscationesdia-
942 2024 982 2076 ru,
997 2009 1057 2073 dl),
1072 2018 1098 2063 ct
1117 2010 1216 2064 inimici
1229 2009 1380 2080 deiecerunt
1393 2012 1501 2081 (currere
1514 2016 1541 2068 in
1553 2014 1632 2085 finem
1647 2014 1734 2087 (crat.

107 2101 165 2167 iicit
183 2109 209 2155 cl
227 2100 337 2165 adimit3
363 2099 419 2168 igni
449 2100 599 2171 ingestum,
624 2098 837 2166 sarrctilrcatumf,
863 2107 892 2153 ct
941 2114 980 2161 rx,
994 2098 1033 2168 7),
1056 2097 1224 2153 diuersorum
1243 2098 1365 2169 proiecto
1385 2116 1508 2158 errorum
1530 2112 1558 2159 et
1577 2106 1734 2176 opinionum

110 2194 180 2264 (255)
190 2192 360 2264 pascbalibus
373 2192 481 2263 gaudiis
492 2192 602 2263 dignum
618 2190 715 2257 eliacim
735 2190 891 2247 incendium
942 2189 1057 2261 spicula,
1078 2190 1177 2260 quibus
1199 2197 1327 2261 tanquam
1351 2190 1496 2249 hostilibus
1518 2194 1615 2265 gladiis
1641 2196 1734 2255 iniciis

108 2298 152 2341 aut
166 2285 321 2355 exstinguit,
336 2294 384 2340 aut
397 2285 498 2356 abigit3
521 2285 549 2339 iu
570 2300 671 2355 aqrraru
684 2283 799 2347 editum,
811 2298 892 2354 rege·
941 2282 1085 2352 perimitur
1100 2283 1204 2348 anima,
1221 2286 1254 2339 al
1270 2298 1331 2355 gurm
1344 2285 1540 2351 cunriuceuda,
1563 2296 1591 2343 ct
1603 2289 1637 2345 ad
1652 2290 1734 2347 linem

107 2377 244 2432 ucmtimis
256 2377 375 2447 gratiam
390 2383 418 2431 ct
429 2375 505 2447 (236)
519 2384 623 2431 nature
637 2374 891 2429 transmutationem
941 2372 1064 2429 deiectus
1078 2374 1260 2445 perducenda,
1287 2384 1316 2431 et
1337 2376 1371 2431 ad
1396 2378 1513 2433 ciuitates
1534 2380 1735 2452 principatuum

106 2468 213 2537 perlicit,
227 2478 255 2523 et
265 2467 346 2537 (257)
371 2466 561 2522 inundantiam
584 2464 737 2531 fluminum,
758 2474 787 2521 et
801 2465 891 2521 eiera-
943 2464 1015 2519 acris
1035 2463 1115 2534 lrujtre
1129 2464 1288 2519 destruendo
1309 2464 1409 2535 (ibim),
1424 2466 1569 2535 bisacuta,
1585 2472 1674 2541 prium
1688 2474 1737 2529 ad·

108 2561 191 2613 tiones
203 2568 230 2615 ct
242 2567 350 2615 montes
372 2557 507 2615 ductuum
526 2559 687 2628 compescit,
709 2572 743 2614 ae
761 2559 790 2613 in
802 2558 894 2614 alueos
943 2562 1024 2609 rcum
1047 2555 1073 2609 iu
1088 2554 1183 2627 ragina
1205 2556 1367 2613 lrumilitatis
1381 2558 1551 2627 abscondita,
1567 2562 1594 2618 in
1617 2566 1736 2625 mercuria

106 2650 334 2721 didicissemus
349 2649 489 2707 insolubili
506 2650 615 2718 obiecto
626 2651 715 2714 obice,
729 2650 802 2707 iutra
821 2651 894 2720 ripas
943 2645 1104 2711 adrcuiens,
1130 2646 1157 2700 in
1173 2646 1317 2703 marriiesto
1334 2648 1468 2705 claritatis
1483 2666 1538 2707 snm
1552 2653 1695 2724 splendore
1705 2674 1738 2713 ac

105 2752 131 2798 et
143 2745 227 2801 littora
239 2735 382 2800 concludit
395 2754 424 2800 et
437 2743 575 2799 imminuit
591 2761 598 2797 :
614 2752 693 2799 terrae
716 2742 894 2812 inmortalitati
946 2738 1065 2791 terroris
1076 2737 1551 2804 coruscatione,vibrabiturlramm,
1564 2744 1591 2799 iu
1604 2750 1735 2814 serundo.

105 2838 257 2907 oppositum,
274 2837 453 2894 sterilitatem
467 2850 596 2907 agrorum
616 2835 757 2899 iccunrlat,
773 2844 801 2891 ct
816 2835 893 2891 uberi
944 2832 1066 2903 interram,
1088 2834 1217 2899 aduentu,
1230 2848 1293 2888 cum
1308 2836 1456 2889 secuudum
1479 2836 1598 2893 ueridica
1613 2843 1737 2913 egregin-

107 2932 175 3001 copia
202 2930 304 2987 reiicit.
335 2930 480 2987 Postremo
508 2946 617 2987 omnem
646 2930 835 3002 intemperiem
860 2930 894 2985 ad
944 2942 1006 2983 ratur
1029 2937 1122 2984 vatum
1147 2928 1231 2983 nuos
1250 2937 1279 2983 et
1293 2927 1593 2999 Sopbouievuictnta,
1608 2933 1735 3003 tugiunt·

107 3024 251 3093 temperiem
269 3022 386 3094 redigit,
410 3032 438 3078 ct
460 3021 537 3094 (238)
553 3022 695 3078 arboream
717 3021 758 3077 rcl
783 3036 894 3077 saxeam
943 3021 1089 3075 morientur
1103 3037 1191 3076 omues
1213 3030 1362 3091 peccatores
1384 3022 1476 3094 (Amos
1489 3039 1526 3085 rr,
1542 3023 1586 3095 ld)
1605 3034 1736 3093 terramus

106 3116 191 3171 molem
217 3117 382 3180 miseram,
413 3123 462 3170 aut
489 3114 667 3170 immobiliter
690 3114 717 3169 in
744 3115 803 3185 ipso
826 3130 892 3169 casu
945 3110 1121 3167 tetrieoloris
1137 3110 1416 3184 AEtiriopcrismdou.
1431 3130 1463 3177 u,
1480 3114 1735 3185 liiinterlicieutur

106 3208 244 3279 suspendit,
261 3208 375 3280 ligaret
390 3209 563 3279 comprimit:
586 3217 634 3263 aut
648 3208 708 3263 siue
721 3208 795 3263 eorm
818 3208 891 3277 peri·
905 3180 930 3245 c
944 3204 1067 3259 districta
1088 3212 1115 3259 et
1134 3203 1309 3260 amarissima
1326 3214 1354 3261 et
1371 3206 1540 3263 irremeabili
1558 3208 1659 3267 ultimae
1678 3212 1735 3267 dis·
1763 3286 1767 3293 Ι

107 3302 159 3357 culo
170 3318 272 3357 summa
294 3318 359 3357 cam
375 3302 558 3357 admiratione
580 3300 763 3371 spectantium
787 3301 897 3372 delcit,
943 3294 1080 3351 suessionis
1106 3310 1136 3351 ac
1153 3296 1287 3351 examinis
1302 3299 1447 3353 sententia.
1465 3298 1491 3354 lu
1507 3310 1561 3355 tam
1574 3301 1734 3359 salutarium

107 3390 136 3447 Et
148 3393 207 3462 grtid
221 3391 346 3463 amplius
360 3392 426 3447 mibi
449 3392 661 3456 immorandum,
674 3392 740 3462 urrid
755 3390 893 3461 protasius
943 3387 1092 3451 clarorum,
1118 3396 1146 3443 et
1169 3388 1316 3445 liemiuica
1338 3388 1441 3445 lancee
1464 3394 1640 3460 preconium,
1658 3394 1737 3467 longa

108 3482 275 3551 eloquendum
289 3484 307 3539 i
337 3483 434 3539 bruttia
461 3482 633 3550 celestium,
658 3482 837 3539 'terrestrium
864 3492 893 3538 et
943 3492 1008 3535 autc
1022 3480 1186 3535 vaticinatus
1200 3490 1240 3537 est
1254 3479 1372 3551 Spiritus
1385 3490 1497 3537 sanctus
1508 3496 1558 3552 per
1572 3484 1733 3541 Zachariam

109 3575 263 3632 iniernorum
292 3590 398 3647 regua,
425 3576 516 3632 crucis
543 3574 658 3632 ririircae
681 3574 804 3647 subjecta
830 3586 894 3633 sum
944 3575 1117 3644 pmpbetam,
1134 3588 1267 3645 organum
1285 3590 1382 3631 surina:
1401 3575 1534 3647 dspicicut
1553 3577 1589 3632 od
1608 3592 1736 3647 mannent

109 3667 234 3734 dominia,
253 3686 309 3739 per
327 3683 409 3729 earm,
438 3668 516 3736 cujus
546 3669 648 3724 carnali
679 3677 802 3739 reparata
831 3678 895 3725 suut
943 3666 1245 3738 coupreruucllucimr.
1260 3667 1739 3740 arr,l0;ioou.xrr,ili);etpauiu

109 3762 260 3816 commercio
283 3778 293 3814 a
319 3762 365 3829 utri
398 3768 522 3816 mortuos
554 3760 790 3831 prevaricationis
820 3760 894 3833 ligno
945 3758 1059 3816 inferius
1084 3758 1224 3815 :Frrmeu
1247 3762 1374 3817 suscitare
1398 3772 1626 3833 superparcamus
1650 3778 1737 3821 meum
1831 3792 1838 3805 ·

110 3848 174 3912 iden.
188 3870 221 3916 u,
235 3854 295 3923 17),
319 3853 477 3915 ririllcarit,
492 3861 521 3908 et
534 3852 708 3909 resuscitarit
731 3852 896 3924 redemptio·
945 3849 1074 3923 (locitas.
1092 3866 1154 3917 ιιιιι,
1170 3852 1209 3924 l).
1230 3852 1264 3909 Et
1277 3867 1336 3923 ursae
1350 3854 1496 3925 pretiesior
1509 3857 1629 3913 omnium
1643 3859 1739 3913 metal-

110 3945 241 4017 nisligno;
263 3945 317 4015 qui
340 3954 456 3999 mortem
479 3954 603 3999 exortam
626 3952 654 3999 ct
675 3943 826 4014 ingressam
847 3959 896 4015 pcr
944 3948 1036 4003 lorum
1055 3950 1179 4013 materia,
1199 3962 1280 4019 quarm
1307 3950 1364 4015 illa,
1383 3952 1426 4007 cui
1441 3952 1521 4007 Pater
1543 3967 1592 4023 per
1606 3952 1737 4024 Spiritum

110 4037 293 4093 inobedientiae
301 4037 440 4099 arborem,
450 4048 498 4105 per
508 4049 580 4091 rere
590 4034 752 4091 obelieutte
764 4035 897 4091 exstinxit
945 4048 1070 4095 sarrctum
1094 4038 1238 4110 imperarit
1250 4040 1376 4095 suscitari
1397 4056 1479 4111 super
1497 4052 1632 4112 pastorem
1648 4058 1739 4105 erorum,

109 4136 134 4181 et
152 4128 265 4184 exclusit
301 4128 448 4193 arborem;
472 4128 519 4198 qui
551 4136 772 4185 momentaneum
805 4131 897 4185 caruis
946 4140 975 4185 ct
1002 4139 1137 4199 pereutere
1164 4141 1295 4201 pastorem
1321 4131 1423 4202 (idid),
1447 4133 1568 4187 omnium
1589 4134 1738 4205 principem

110 4230 246 4290 amumptae
279 4219 473 4289 suppliciam,
505 4230 670 4275 aestrorum
702 4220 896 4291 suppliciorum
947 4220 1117 4292 rrrrigcuitum
1135 4222 1232 4276 strum?
1255 4220 1318 4277 llaec
1339 4223 1407 4278 tanti
1431 4226 1510 4295 pretii
1537 4223 1651 4291 iramea,
1667 4242 1738 4281 anrm

111 4309 267 4381 singularem
294 4311 372 4367 dedit
395 4326 456 4367 esse
480 4312 653 4376 medicinam,
676 4309 849 4383 refrigerium
865 4329 897 4369 ac
946 4318 1079 4389 progeniti
1095 4318 1176 4375 llerbi
1197 4318 1271 4389 (aaa)
1286 4319 1429 4376 millesimo
1439 4322 1614 4394 nonagesimo
1629 4332 1736 4390 octavu,

111 4405 307 4459 exterminium.
950 4412 1040 4465 rliriua
1067 4410 1230 4467 revelatione
1256 4410 1404 4469 dutiocbiae
1421 4424 1527 4485 reperta
1543 4414 1569 4469 iu
1585 4430 1648 4471 arca
1665 4432 1738 4471 urar-

124 4558 210 4643 rm)
244 4563 397 4646 Sirusirim.
429 4565 570 4621 Canticum
595 4567 762 4623 canticorum
790 4526 894 4625 liebrui
913 4540 1008 4623 ᾖιιιιιι
1021 4566 1071 4638 filii
1093 4570 1141 4626 ire·
1153 4568 1260 4642 (Epiros.
1282 4572 1367 4647 ιι,5),
1384 4590 1432 4646 per
1444 4575 1605 4649 baptismum
1619 4574 1683 4633 laeti
1694 4590 1740 4633 stt·

109 4630 192 4687 doctam
217 4632 265 4689 Srr
294 4636 416 4691 basium.
438 4635 525 4693 Uuam
542 4652 634 4694 rocem
649 4648 752 4707 troster,
773 4650 820 4695 aut
837 4641 896 4713 ejus
948 4656 1009 4696 raus
1024 4638 1070 4695 illii
1086 4638 1144 4695 [ici.

110 4705 288 4769 amanuensis,
302 4703 376 4760 lecit.
994 4710 1084 4777 (cet)
1108 4712 1300 4768 intendentium
1338 4714 1486 4785 fluminum
1521 4715 1739 4774 illustrissimum

139 4772 212 4844 (233)
232 4774 404 4830 llediciaulis
427 4793 473 4847 per
504 4778 599 4847 digitos
619 4778 780 4843 imprimitur
800 4780 895 4851 suario.

110 4840 216 4922 §nucem
252 4850 358 4915 pectori
385 4848 545 4919 impressam
578 4849 690 4919 {asciam
728 4864 819 4918 uocat,
842 4870 895 4925 qrra

110 4926 162 4981 curs
179 4913 323 4973 burctuatio
340 4917 463 4973 sistatur.

140 4984 213 5057 test)
234 4985 393 5056 Compressu
403 4988 488 5059 duco,
502 4998 526 5042 et
535 4989 698 5056 inordinate,
709 4994 895 5063 cogitationem

110 5058 179 5121 guasi
204 5058 334 5120 crinium,
360 5059 540 5114 exuberantia.
562 5058 698 5130 Respicil,
719 5064 791 5133 qrtrul
817 5065 898 5134 pudo

110 5136 168 5179 ante
177 5126 258 5186 dixit,
271 5142 379 5183 crucem
393 5130 559 5186 dominicam
573 5133 727 5187 esseoittum
738 5136 895 5190 coccineum.

107 5192 171 5246 liam
185 5198 278 5265 capilli
292 5198 357 5254 sitta
371 5211 540 5255 coercentur.

143 5265 215 5334 (255)
239 5268 413 5325 Posclruliluts
436 5272 540 5341 gurtdiis
561 5272 670 5343 cliguuut
687 5274 772 5347 efficit.
788 5274 898 5332 blauiic·

109 5345 148 5387 ste
166 5348 274 5406 spectat
287 5339 416 5395 Ecclesiae
431 5342 680 5415 autimuuniritum,
697 5362 759 5415 qrro,
779 5344 898 5401 Sabbatu

110 5418 215 5468 sancto,
242 5424 335 5465 reseras
348 5426 481 5467 excussus
497 5428 513 5467 e
527 5414 603 5471 silice
622 5416 692 5487 iguis
718 5416 895 5481 benedicitur,

112 5490 196 5545 corrue
215 5476 356 5537 Pascbalis
369 5498 465 5539 cereus
479 5488 644 5541 accerutitur.
661 5484 828 5543 Erubescaut
844 5489 897 5543 bm·

111 5548 198 5611 rctici,
216 5551 261 5604 vix
274 5551 471 5609 ntuliustertius
490 5556 557 5609 tanti.

144 5618 222 5685 1256)
245 5620 357 5677 Nature
383 5627 628 5681 transmutationem
644 5626 755 5697 perficit.
774 5625 841 5681 Cum
853 5628 897 5683 bie

110 5682 144 5739 de
159 5688 295 5760 baptismo
321 5693 460 5764 loquatur,
473 5710 526 5751 nou
541 5696 594 5750 aliu
611 5697 798 5752 transmutatio
817 5698 896 5753 iutel-

109 5752 154 5829 ligi
168 5770 262 5830 potest
272 5778 356 5833 otram
371 5764 531 5834 spiritualis.
545 5766 614 5821 tium
628 5766 700 5823 cuim
718 5782 832 5823 umarus
849 5786 897 5824 uu·

242 5856 376 5917 Parnes.
392 5856 511 5920 ettlt.

947 4782 1029 4853 buius
1047 4782 1169 4837 miraculi
1193 4786 1345 4855 exerrtplum
1360 4795 1401 4841 est
1421 4787 1446 4842 iu
1472 4787 1532 4842 Vita
1558 4790 1587 4843 S.
1602 4788 1739 4859 Gregorii.

948 4862 1128 4924 cognomento
1154 4852 1358 4926 Tbaomaturgi,
1384 4856 1461 4927 eujus
1482 4858 1595 4917 bactrius
1613 4858 1646 4915 ad
1672 4858 1738 4931 Lyci

948 4920 1021 4977 dutrii
1040 4923 1125 4993 ripam
1148 4924 1262 4987 delirus.
1277 4936 1305 4982 ct
1323 4924 1379 4994 ejus
1395 4929 1498 4984 rabiem
1519 4930 1697 5002 compescuit,
1710 4938 1739 4985 et

948 5004 1086 5049 momento
1101 4996 1127 5048 in
1142 4995 1274 5051 virentem
1290 4998 1414 5053 arborem
1430 5002 1560 5055 excrevit.

984 5062 1059 5128 (238)
1077 5062 1220 5119 driorenm
1241 5066 1333 5121 molem
1357 5070 1497 5123 ruiturum.
1520 5068 1587 5127 Vide
1606 5070 1738 5128 Severum

948 5134 1097 5203 Sulpicium
1112 5136 1138 5190 iu
1153 5133 1212 5189 Vita
1232 5134 1260 5190 S.
1278 5136 1384 5193 llartini
1396 5154 1403 5193 :
1416 5140 1460 5209 qrri
1475 5140 1501 5197 id
1515 5136 1737 5199 cum'multortuu
1757 5144 1761 5153 '

949 5216 1058 5275 stupore
1069 5206 1196 5274 primum,
1214 5215 1269 5261 tum
1284 5209 1365 5263 etiam
1377 5210 1474 5273 salute,
1489 5212 1653 5269 exanimatis
1665 5220 1737 5265 metu

949 5277 1014 5333 suis.
1040 5276 1191 5347 intrepidus
1209 5276 1267 5347 ipse
1289 5278 1422 5343 exbibuit,
1441 5282 1483 5337 cui
1510 5283 1559 5339 soli
1584 5292 1737 5337 extremum

949 5346 1094 5402 discrimen
1109 5346 1251 5403 irnmiuere
1266 5348 1415 5405 ridebatur.
1431 5352 1469 5407 Dc
1484 5368 1563 5409 saxea
1576 5350 1659 5408 nocie.
1672 5365 1737 5404 eru-

949 5418 1114 5542 Bislrirtute
1138 5432 1281 5541 stirspcusa,
1308 5420 1338 5475 [l.
1358 5418 1471 5493 Gregor.
1497 5422 1620 5495 Magnus,
1652 5418 1700 5474 lib.
1728 5432 1739 5473 ι

973 5506 996 5541 ra
1009 5503 1064 5553 ng„
1078 5502 1138 5552 cap.
1172 5527 1179 5541 .

984 5558 1059 5627 (239)
1091 5556 1232 5615 llillcrime
1263 5561 1430 5632 nouugetimc
1464 5571 1565 5617 octauo.
1600 5557 1740 5639 baronius

949 5628 1113 5700 encyclicam
1142 5630 1176 5685 de
1207 5632 1257 5687 bae
1293 5632 1447 5705 inventione
1482 5632 1623 5701 epistolam
1658 5636 1737 5699 poml

949 5714 1022 5754 atrrm
1055 5699 1197 5754 millesimo
1219 5706 1379 5759 cerotesimo.
1404 5700 1457 5757 Sed
1490 5718 1541 5774 par
1558 5710 1601 5759 est
1623 5700 1739 5753 credere

948 5770 1079 5841 scriptam
1095 5770 1203 5827 biennio
1216 5782 1281 5844 post
1307 5772 1500 5831 inventionem.
1517 5770 1583 5829 Nam
1595 5768 1739 5827 'lbiolridu

1500 5867 1537 5927 13

1736 5990 1749 6035 ι
