4017 6342
242 335 295 393 tiis
699 340 801 399 rurist
820 344 988 401 d'd’liOD'Sl
1009 344 1055 401 EX
1073 344 1197 405 JUDAED
1215 346 1409 405 GlilliSTlle
1818 355 1867 411 ets

243 450 294 505 riri
310 466 394 523 prope
411 452 538 525 templurn
557 452 717 513 incivitate.
734 472 849 527 quorum
865 458 1122 519 oorrsaliointest
1140 470 1169 517 ot
1189 461 1241 517 siiri
1262 463 1399 525 consulas.
1426 455 1489 517 licet
1518 474 1621 521 rectum
1649 475 1679 520 ut
1704 466 1870 525 inconsultos

241 545 387 611 interiecit,
402 545 527 617 claroque
552 544 665 617 eulogii.
681 544 757 601 lliilti
785 546 867 619 igitur
884 550 958 605 eires
977 566 1027 620 pro
1079 559 1154 605 tumn
1168 568 1221 607 non
1232 562 1362 623 sequatur
1374 552 1527 609 consilium.
1538 557 1635 611 Alius:
1651 555 1711 613 Noli
1722 559 1867 615 eonsilium

240 636 354 697 strepitu
385 636 579 703 decurrentes,
614 635 786 693 interiectum
817 640 974 710 repperiunt
1000 655 1029 696 et
1079 651 1153 696 tuom
1176 643 1250 699 oiniii
1276 645 1378 699 bomini
1400 645 1604 717 r·e7elare;qui
1625 648 1699 704 enirn
1723 650 1868 705 eonsilium

240 742 392 801 quaerentes
411 732 535 802 quisnam
564 730 738 789 lroiriicidium
766 744 959 805 perpetrasset,
986 736 1028 791 iii·
1080 744 1154 789 tuum
1177 736 1204 789 in
1228 736 1309 790 corde
1336 753 1386 791 siro
1414 738 1532 801 retiirer,
1552 741 1592 795 sui
1613 740 1684 804 iuris
1706 753 1751 797 ert
1777 742 1871 801 nerim

240 830 381 877 trarcroiit
394 822 523 893 templum
549 833 689 893 sperantes
701 825 866 881 homicidam
897 828 1025 897 reperire.
1078 824 1269 896 eligeremus
1291 827 1462 884 :Consilium
1480 831 1668 887 abscmiditum
1679 833 1758 903 quasi
1775 834 1870 891 incer·

238 911 393 983 AEgyptiiim
417 929 483 969 vero
497 926 675 985 reppererunt
691 916 738 982 ibi,
761 926 788 971 er
804 919 974 975 sciscitantes
992 921 1027 975 ab
1078 932 1141 973 cere
1155 928 1251 974 toocst
1277 929 1437 987 retrirsom;
1460 922 1607 977 revelatum
1633 941 1698 981 rero
1712 936 1738 979 te
1761 926 1790 981 in
1812 942 1871 982 ear·

236 1008 408 1075 ecquisnam
434 1007 521 1061 ririrnr
544 1006 736 1074 interfecisset,
754 1011 898 1065 audierunt
920 1012 954 1066 ab
968 1011 1028 1081 ipso
1078 1025 1140 1065 rere
1154 1026 1203 1065 siro
1221 1022 1294 1067 tenet
1312 1012 1434 1084 ligatum.
1446 1013 1539 1070 illios:
1558 1035 1568 1067 r
1587 1013 1628 1071 Ne
1645 1024 1671 1072 te
1693 1019 1871 1076 assoidareris

236 1098 299 1167 quia
321 1110 370 1169 ego
393 1098 517 1154 interfeci
540 1114 614 1165 eum,
641 1110 827 1171 paupertatem
854 1104 925 1159 enim
950 1119 1027 1159 suam
1079 1100 1341 1169 iriimieistuis,euni
1356 1102 1423 1159 alios
1438 1108 1675 1176 possrsrcpperire
1690 1110 1798 1165 socios:
1814 1128 1872 1180 que

238 1197 326 1242 morte
341 1186 436 1243 saltem
453 1189 532 1243 linire
553 1190 679 1259 cirpieliat
693 1204 701 1244 r
715 1196 815 1261 tiaptus
829 1193 921 1263 itaque
934 1194 1026 1249 incar·
1077 1191 1150 1247 cuim
1165 1194 1234 1247 male
1247 1193 1337 1263 egeris
1352 1193 1571 1264 notioresque
1588 1211 1654 1252 rere
1670 1197 1740 1252 lioaa
1766 1198 1877 1267 luerior

235 1290 344 1335 corariis
361 1289 413 1337 est.
429 1280 505 1335 llaire
518 1291 607 1337 autern
623 1282 694 1337 laeto
709 1284 866 1353 producitur
880 1294 942 1339 ante
953 1282 1027 1353 judi·
1077 1280 1245 1337 devitabant.
1262 1282 1335 1337 Dixit
1357 1284 1466 1354 quidam
1490 1285 1680 1342 versificator:
1693 1285 1741 1343 Est
1762 1305 1816 1344 una
1838 1268 1878 1371 dep

235 1388 298 1439 ces,
313 1382 341 1427 et
367 1381 454 1429 moris
478 1372 690 1442 couilempnatus
713 1376 820 1437 ducitur
846 1376 879 1431 ad
905 1390 1025 1431 erucem.
1077 1373 1288 1431 adversitatibus
1297 1375 1379 1446 liuius
1389 1377 1658 1449 saeculiqrerioribus
1668 1379 1754 1437 libero
1768 1382 1869 1437 bouiiui

236 1464 312 1521 Multi
334 1480 399 1535 erqo
414 1467 447 1519 ilo
472 1480 546 1519 more
568 1476 726 1531 occirrrunt,
743 1483 858 1536 quorum
883 1484 953 1523 tirius
977 1468 1029 1523 luit
1077 1467 1148 1535 quod
1163 1467 1327 1523 necessitate
1338 1469 1447 1537 cogitur
1464 1478 1495 1525 ut
1511 1470 1563 1526 sibi
1576 1472 1720 1529 subveniat
1731 1476 1869 1546 requirere

236 1558 340 1613 auricus
351 1558 411 1625 eius
425 1555 504 1625 cujus
523 1570 605 1609 iraiisa
620 1557 725 1612 adierat
743 1557 871 1613 Dalilacb.
896 1557 946 1613 llic
960 1574 1026 1615 actr-
1077 1557 1227 1614 inimicum.
1242 1558 1372 1627 Qiiaesirit
1397 1560 1508 1631 qnidam
1519 1577 1535 1617 a
1548 1564 1666 1632 quodam
1693 1564 1784 1621 Arabe
1810 1582 1868 1637 qnae

236 1650 289 1703 rias
302 1664 364 1705 eum
378 1650 487 1703 intuens
500 1647 679 1718 deprehendit
693 1664 753 1705 esse
775 1649 891 1704 enricum
907 1666 986 1721 quem
999 1652 1026 1707 in
1077 1648 1164 1719 major
1176 1650 1327 1707 adversitas
1337 1651 1450 1724 contigit
1465 1653 1513 1709 tibi
1527 1654 1555 1708 in
1570 1655 1622 1710 boc
1634 1656 1755 1711 seculol
1767 1658 1866 1715 Arabs:

234 1739 354 1811 AEgypto
377 1740 538 1809 reliqirerat;
566 1741 746 1797 reminisceris
773 1741 866 1811 itaque
892 1742 1024 1797 bonorum
1078 1739 1232 1797 Necessitas
1246 1739 1376 1813 compulit
1388 1756 1433 1797 me
1445 1745 1591 1800 convenire
1606 1744 1745 1802 inimicum
1761 1757 1791 1805 ut
1809 1764 1867 1819 quse

234 1848 294 1903 quae
306 1833 358 1887 sibi
373 1834 398 1887 in
413 1832 529 1903 AEgypto
542 1832 655 1897 lecerat,
670 1834 792 1903 cogitaris
804 1834 866 1904 quia
880 1844 940 1907 post
954 1850 1027 1890 mer-
1042 1820 1199 1888 Brolebam
1215 1833 1280 1887 riiilri
1293 1833 1465 1889 concederet.
1479 1834 1576 1891 Alios:
1591 1832 1631 1891 Ne
1643 1845 1669 1891 ιε
1682 1838 1803 1894 associes
1815 1836 1868 1894 lec·

235 1935 289 1979 tciri
316 1924 467 1980 retribuere
484 1925 523 1979 illi
549 1941 603 1979 imo
628 1936 746 1995 poterat,
766 1935 881 1981 mortem
908 1942 957 1995 pro
981 1927 1027 1983 illo
1077 1926 1176 1990 ceteri,
1189 1926 1266 1996 cujus
1277 1927 1442 1982 consortium
1451 1934 1494 1981 εει
1506 1926 1554 1981 tibi
1567 1927 1696 1984 dedecus.
1711 1929 1789 1985 illios
1805 1948 1813 1984 r
1828 1931 1867 1987 Ne

234 2031 262 2071 se
274 2016 365 2071 subire
379 2015 511 2081 decrerit,
522 2030 591 2071 roee
605 2030 670 2089 ergo
687 2032 784 2087 magna
798 2018 925 2073 clamarit
938 2036 944 2071 a
956 2019 1025 2085 Quid
1076 2016 1201 2087 glorieris
1214 2016 1240 2071 in
1258 2016 1336 2072 laude
1362 2016 1518 2082 leccatoris,
1531 2015 1609 2088 cuius
1623 2020 1683 2075 laus
1695 2029 1740 2076 est
1755 2020 1802 2077 tibi
1828 2024 1866 2077 ri-

234 2110 408 2165 imroccntem
423 2109 654 2179 condempnastis,
667 2126 756 2180 quote
768 2126 829 2166 eririr
844 2113 958 2167 iliieitis?
972 2128 1025 2167 non
1077 2106 1224 2175 inpetitur.
1238 2113 1266 2161 el
1278 2106 1440 2175 vituperium
1454 2103 1525 2162 laus.
1549 2106 1664 2175 Quidum
1687 2110 1867 2181 philosophas

235 2212 349 2257 mortem
376 2200 550 2271 meritiqepo
566 2202 652 2256 rii-uiri
669 2203 803 2259 interlcci.
819 2205 854 2257 At
872 2204 1025 2275 illiiajere·
1076 2197 1212 2252 luuusieus
1222 2212 1271 2267 pet
1285 2196 1459 2262 liumieliuut
1473 2197 1661 2269 pbilosoplrum
1675 2201 1794 2270 repperit
1804 2216 1864 2257 eom

234 2302 297 2347 ruat
320 2306 418 2345 manos
439 2290 554 2355 riremu,
574 2305 655 2361 eripite
677 2292 941 2363 lipetiimsecrrmad
964 2312 1026 2350 cru·
1075 2287 1191 2354 quodam
1219 2288 1352 2343 Ιθθῦθῑθῐθ
1374 2284 1523 2356 imment,
1547 2297 1575 2343 0¹
1601 2288 1667 2345 ⁸512
1697 2290 1756 2348 Sibi
1779 2293 1864 2348 simile

234 2362 294 2439 cem
310 2394 463 2447 traxerunt,
488 2382 625 2453 aliirrrique
645 2400 659 2439 a
683 2399 762 2453 poena
784 2388 881 2439 triortis
905 2386 1026 2441 alisolre-
1075 2379 1213 2433 attrahere
1226 2378 1378 2433 adamantis
1400 2388 1452 2433 est.
1476 2381 1511 2433 dt
1534 2378 1696 2449 illeiuquit:
1713 2378 1863 2453 Numquam

232 2484 305 2531 runt.
322 2473 462 2531 Homicida
486 2490 550 2529 rei-o
567 2476 593 2531 in
608 2476 703 2533 eodem
725 2477 835 2547 agmine
849 2478 900 2531 hoe
913 2461 1024 2533 inruens
1076 2471 1182 2525 inesilri
1212 2469 1333 2539 adjunxi.
1358 2469 1399 2525 Ad
1425 2472 1477 2525 hoc
1504 2472 1727 2529 lrairsiettstcttr
1749 2490 1815 2544 ergo
1838 2476 1865 2529 ei

232 2569 407 2639 gradiebatur
422 2579 505 2639 atque
527 2584 619 2623 secura
636 2570 742 2623 dicebat
765 2586 772 2622 z
798 2568 874 2624 lianc
899 2569 1023 2625 iritcrdeci
1074 2564 1273 2633 applaudebas?
1293 2566 1325 2619 ΑΙ
1340 2563 1384 2619 ille
1400 2564 1509 2635 iuquit:
1529 2564 1599 2630 Nou,
1618 2566 1665 2621 sed
1691 2583 1789 2638 niagno
1813 2583 1865 2623 rie·

232 2661 322 2717 otiare
334 2661 508 2731 dampnatur.
522 2660 570 2715 llic
583 2662 713 2715 innocens
726 2659 856 2729 supplicio
868 2661 1022 2731 deputatur,
1074 2658 1201 2711 cessitate
1227 2655 1334 2725 cogitur
1364 2655 1446 2711 etiam
1475 2657 1606 2713 bonosius
1630 2664 1710 2713 troam
1739 2658 1864 2715 latrinam

233 2768 285 2825 ego
298 2768 364 2809 reru
379 2767 480 2809 nocens
499 2751 625 2807 libertate
641 2750 726 2805 liuor.
740 2752 869 2819 Qirornam
887 2762 1025 2811 causaest
1073 2750 1159 2804 silice.
1169 2747 1244 2803 lilius
1255 2746 1447 2819 plrilosopbus:
1463 2749 1615 2819 Filiqrare
1625 2752 1776 2807 cstardues
1789 2767 1865 2808 mee·

233 2842 315 2913 liujus
348 2842 504 2913 injustitiae?
531 2842 640 2903 ttcscio.
664 2841 719 2897 nisi
743 2842 799 2897 sola
822 2841 870 2897 Dei
893 2843 1022 2913 patientia
1075 2842 1165 2897 tiones
1194 2841 1431 2897 asceiidereetab
1458 2842 1559 2897 eisdem
1586 2842 1751 2898 descendere
1775 2842 1862 2899 lacile.

231 2936 277 2991 sit.
295 2935 393 2992 Verum
418 2935 490 2991 Deos
508 2934 591 3003 jadex
614 2933 705 3005 justiis
735 2935 895 3005 iiirponiiam
920 2938 1022 2994 riallon
1074 2930 1150 2987 illius
1178 2930 1375 3001 plitlosoptms:
1391 2930 1485 2985 Melior
1503 2938 1546 2986 est
1571 2931 1709 2986 iriirrricitia
1733 2930 1864 3003 sapientis

232 3028 321 3083 scelus
344 3027 467 3084 dimittit.
494 3027 533 3083 Ne
550 3028 633 3097 igitur
656 3027 791 3097 posterius
815 3028 840 3081 in
861 3044 904 3083 me
928 3029 1023 3085 durius
1073 3038 1155 3095 (luunt
1173 3024 1292 3078 amicitia
1324 3022 1487 3094 insipientis.
1512 3023 1588 3078 Alius
1606 3024 1782 3095 philosophus
1801 3043 1808 3077 :
1824 3022 1864 3079 Ne

231 3118 639 3189 viridice-t,bujirsmeprodam
656 3117 953 3187 cririiiirisessereum,
970 3122 1022 3175 sic·
1074 3116 1237 3187 lrabeaspro
1253 3130 1352 3187 magno
1379 3115 1526 3169 amicitiam
1558 3115 1644 3178 stolii,
1663 3116 1726 3185 quia
1752 3126 1865 3171 nonest

230 3226 284 3282 que
298 3226 345 3267 cor
359 3210 513 3267 solreridoa
529 3220 626 3273 morte,
640 3210 712 3280 quod
724 3210 847 3265 commisi
866 3210 938 3267 luarn
957 3228 1021 3283 pee-
1073 3223 1244 3277 permanens·
1259 3206 1335 3261 illius
1350 3207 1543 3278 pliilosopbus:
1560 3206 1667 3261 Dulcior
1684 3216 1728 3261 εει
1747 3209 1863 3276 sapienti

231 3312 335 3357 catum.
357 3297 517 3371 objectaque
532 3315 562 3357 se
580 3302 605 3355 iri
627 3300 746 3370 perieirlo
769 3300 862 3357 dicens
882 3320 888 3357 :
910 3302 961 3371 tte,
978 3318 1022 3359 ine
1073 3315 1169 3370 aspera
1185 3300 1240 3354 rita
1253 3299 1325 3354 inter
1345 3300 1492 3369 sapientes,
1509 3314 1591 3369 qnam
1614 3299 1702 3355 doleis
1724 3301 1776 3355 rita
1791 3299 1864 3357 inter

230 3394 277 3463 qiri
292 3392 354 3458 ieci,
380 3394 462 3451 istum
478 3392 607 3449 diirrittitc
628 3393 778 3447 inaurium.
802 3391 912 3451 lodices
930 3406 1021 3453 autern
1073 3393 1241 3461 insipientes.
1259 3391 1337 3446 Alius
1352 3390 1527 3459 philosophus
1542 3408 1549 3443 ε
1565 3390 1712 3459 Sapientiae
1727 3393 1788 3446 duae
1801 3401 1865 3447 εεει

231 3501 286 3541 riou
308 3501 406 3556 parum
422 3486 610 3550 ammirantes,
625 3486 709 3551 bunc,
724 3485 778 3541 alio
800 3502 815 3541 a
837 3497 923 3542 niorte
942 3488 1022 3543 abso·
1072 3483 1190 3553 specics,
1205 3498 1258 3537 one
1283 3481 1425 3550 naturalis,
1453 3481 1537 3535 altera
1562 3481 1723 3548 artilicialis,
1746 3499 1865 3552 quarum

232 3576 298 3639 loto,
316 3576 478 3646 ligaverunt,
491 3576 602 3645 jammis
616 3574 759 3645 dejudicio
773 3575 937 3643 dubitantes,
950 3577 1022 3632 laune
1072 3589 1124 3626 mia
1140 3589 1193 3626 rimi
1208 3582 1295 3643 potest
1309 3586 1420 3627 nrrroere
1431 3569 1490 3626 siue
1501 3570 1565 3624 alia.
1579 3570 1654 3626 illius
1669 3570 1727 3627 :Ne
1736 3573 1863 3627 commit·

231 3680 293 3721 cum
314 3665 425 3735 reliquis
441 3666 516 3735 prius
533 3665 654 3721 liberatis
668 3672 730 3721 ante
744 3681 832 3735 repam
853 3666 1022 3721 adduxeruut
1073 3674 1115 3721 tis
1128 3666 1217 3721 sriiliis
1244 3664 1415 3736 sapientiem,
1429 3663 1493 3731 quia
1520 3665 1560 3719 eis
1586 3672 1661 3719 esset
1688 3662 1864 3732 injuriosum,

231 3754 311 3825 eique
322 3754 414 3809 orririia
429 3769 462 3809 et
474 3754 569 3809 orillrie
582 3753 732 3809 relerentes
745 3754 831 3823 ipsum
849 3754 930 3808 oriam
948 3756 1021 3809 besl·
1071 3770 1160 3826 neqae
1178 3755 1347 3823 eripientibus
1363 3771 1425 3810 earu
1438 3754 1564 3824 deneges,
1578 3757 1640 3822 qiiia
1651 3770 1731 3810 suum
1758 3766 1803 3813 est
1822 3759 1866 3813 ets
1885 3810 1888 3814 ,

232 3854 291 3903 tere
305 3844 502 3915 corripuloront.
527 3843 669 3899 Communi
686 3846 777 3915 itaque
790 3844 901 3900 corrsilio
920 3860 965 3897 reu
981 3844 1022 3899 cis
1071 3848 1204 3904 corilerrc.
1220 3848 1315 3903 Alios:
1333 3846 1489 3918 llujosmodi
1501 3847 1571 3903 doira
1584 3848 1690 3903 diversa
1710 3858 1786 3916 sunt,
1800 3852 1866 3919 qoi-

231 3954 311 3995 omne
325 3939 426 3995 crimen
442 3939 513 4008 quod
528 3938 578 3993 sibi
594 3938 779 4007 imposuerant
802 3939 1021 4004 condemnere
1070 3942 1183 3997 busdam
1194 3942 1264 3993 enim
1279 3940 1359 3995 datur
1380 3954 1471 3994 rerum
1486 3940 1802 4010 possessioquibosdaar
1816 3958 1865 3997 sa·

231 4041 323 4088 toarcii
339 4041 417 4103 paeto
431 4040 461 4085 ut
481 4031 604 4087 criminis
629 4032 680 4086 sibi
696 4030 814 4101 impositi
832 4046 928 4086 causas
945 4041 1021 4101 pote·
1070 4030 1182 4101 pientia.
1197 4028 1312 4096 Quidam
1326 4030 1398 4085 enim
1412 4030 1525 4100 loqueris
1541 4029 1596 4085 lilio
1608 4030 1646 4085 ait
1659 4049 1666 4083 :
1681 4029 1752 4098 Quid
1767 4033 1866 4089 malles

233 4123 364 4190 lacerent,
379 4133 408 4177 nt
421 4121 459 4177 illi
475 4122 511 4176 rei
530 4126 672 4177 veritatem
685 4123 710 4177 ei
728 4132 927 4193 exprosirerurit;
946 4138 1020 4177 com-
1073 4124 1119 4179 tibi
1137 4122 1207 4187 dari,
1220 4136 1378 4177 censumar
1399 4122 1577 4191 sapientiam?
1590 4122 1639 4177 Cui
1655 4122 1725 4177 uirus
1737 4140 1746 4177 ε
1757 4122 1864 4180 llorrrm

231 4215 304 4269 ririiui
329 4224 418 4268 auteur
434 4228 568 4269 consensu
584 4214 712 4269 oirmibos
733 4213 875 4279 absolutis,
894 4214 1019 4283 indigena
1070 4216 1209 4285 quodlibet
1222 4212 1275 4268 alio
1303 4214 1414 4284 indiget.
1435 4212 1498 4269 Fuit
1515 4214 1625 4284 quidam
1648 4214 1757 4286 sapiens
1775 4217 1865 4271 versi-

230 4308 275 4377 qui
290 4322 340 4377 pro
365 4307 453 4361 arnico
477 4306 545 4359 niori
570 4306 736 4365 decreverat,
751 4305 838 4375 ipsum
862 4306 888 4360 in
909 4306 1018 4361 ilonruin
1071 4308 1166 4361 llrator
1178 4306 1313 4378 egregius,
1328 4306 1376 4359 scd
1388 4320 1491 4377 ogerius
1503 4314 1530 4361 et
1543 4306 1693 4371 mendicus,
1704 4322 1818 4379 semper
1830 4311 1866 4365 de

230 4415 307 4453 saram
322 4399 578 4467 iiiii-odorit,eique
603 4398 675 4453 orirui
698 4398 799 4453 lionore
814 4412 863 4467 pre
879 4397 931 4453 ritu
948 4400 1020 4457 larcio
1069 4406 1230 4469 paupertate
1244 4411 1292 4450 sua
1320 4396 1415 4449 suricis
1442 4410 1622 4465 conquerens,
1646 4398 1680 4451 de
1700 4412 1754 4467 qoa
1777 4399 1865 4454 etiam

230 4491 317 4560 inquit
335 4508 343 4544 a
361 4490 389 4544 Si
403 4504 508 4545 mecum
528 4505 637 4545 insinere
648 4489 809 4561 acquiescis,
821 4494 910 4545 omnia
929 4494 1166 4565 nobis,1)rersus
1186 4488 1350 4559 composuit,
1370 4488 1451 4542 talem
1467 4502 1577 4542 sensum
1601 4489 1807 4558 exprimentes:
1823 4489 1865 4544 'lii

230 4591 310 4650 prout
323 4582 498 4645 decet,oriint
509 4581 660 4636 eommunia
672 4598 679 4645 ;
690 4582 713 4635 si
729 4596 793 4637 rere
807 4585 954 4653 repatriare
970 4602 1019 4641 ro·
1071 4584 1116 4652 qui
1126 4583 1246 4653 partiris,
1261 4588 1381 4636 monstra
1394 4595 1443 4635 cur
1453 4594 1516 4650 pars
1532 4595 1592 4634 nica
1608 4581 1673 4634 milii
1687 4580 1767 4639 desit.
1797 4582 1866 4637 Col-

229 4670 324 4735 liieris,
339 4685 399 4740 qun
413 4679 476 4725 suut
492 4685 550 4727 mea
562 4686 635 4739 equa
658 4672 735 4727 lance
756 4676 915 4743 partiamur.
926 4677 961 4731 rlt
976 4678 1020 4735 ille
1070 4674 1174 4744 pandas
1196 4688 1249 4726 non
1264 4686 1303 4737 es,
1319 4670 1366 4726 sed
1390 4671 1433 4724 die
1447 4670 1514 4725 mibi
1536 4686 1616 4740 quem
1639 4671 1771 4741 culpabo,
1793 4674 1865 4727 ‘riam

229 4764 328 4819 natalis
352 4762 404 4817 soli
425 4762 569 4819 dulcedine
590 4764 721 4829 irretitus,
737 4775 840 4835 partem
860 4768 942 4824 totius
955 4772 1020 4827 sab·
1073 4764 1096 4818 si
1113 4762 1282 4819 constellatio
1299 4778 1356 4816 mea
1371 4772 1412 4816 cst
1434 4762 1500 4817 milri
1514 4762 1624 4827 dora,o
1646 4772 1673 4817 ιε
1694 4781 1810 4834 quoque
1838 4764 1865 4821 iil

229 4852 334 4907 stantiae
346 4868 426 4921 quain
440 4853 464 4907 ei
480 4853 612 4907 obtulerat
622 4854 730 4924 recepit,
742 4857 836 4926 sicque
850 4860 1017 4927 repatriavit.
1071 4853 1172 4908 ietltuu
1183 4868 1243 4907 eure
1256 4852 1431 4907 indubilabile
1449 4862 1501 4907 est.
1516 4852 1569 4907 Sed
1595 4854 1665 4908 inter
1678 4868 1722 4908 me
1730 4866 1761 4909 et
1773 4857 1865 4927 ipsun

230 4942 277 4997 lits
293 4944 383 5013 itaque
400 4944 502 5009 relatis,
516 4945 602 5014 iuquit
623 4945 694 4999 silius
709 4948 742 5001 ad
763 4958 866 5019 patrem
883 4966 890 5003 ς
906 4950 954 5005 tir
970 4966 1018 5021 po·
1071 4955 1100 4998 tu
1113 4952 1206 4998 orator
1220 4954 1248 4997 et
1266 4942 1348 5012 juderi
1365 4957 1404 4997 cs.
1429 4942 1469 4997 Tu
1492 4944 1589 4997 dedisti
1606 4944 1672 4998 milri
1695 4945 1866 5015 sapientiam

229 5037 293 5091 terit
302 5036 433 5106 repperiri
448 5038 559 5091 auucus.
1068 5036 1128 5091 sine
1140 5035 1302 5101 substantia,
1317 5035 1361 5090 dic
1374 5050 1440 5105 erqo
1457 5035 1522 5091 milii
1535 5035 1599 5105 qnid
1619 5035 1700 5090 laciet
1723 5040 1865 5106 sapientia

265 5129 338 5183 Dixit
349 5129 419 5185 alius
439 5128 612 5199 pbilosoplrus
627 5142 635 5181 r
649 5128 764 5198 Propter
774 5130 876 5185 anticos
889 5145 941 5185 nou
954 5146 1019 5202 pro·
1068 5128 1126 5183 sioc
1139 5128 1299 5183 substantia.
1314 5127 1412 5197 decipe
1426 5138 1532 5197 partem
1544 5129 1686 5197 sapientise
1701 5138 1730 5184 ct
1743 5131 1781 5184 da
1796 5131 1867 5187 milii

228 5222 305 5277 batos
323 5219 497 5291 pmridetibi
522 5220 606 5275 scinci
624 5220 658 5273 de
682 5221 800 5275 inimicis
820 5231 846 5277 ct
872 5223 967 5281 millies
982 5224 1016 5279 de
1067 5227 1171 5289 partein
1198 5217 1329 5287 pecunie.
1356 5216 1395 5271 Ne
1433 5218 1547 5287 patiaris
1574 5234 1617 5272 me
1646 5218 1692 5272 illo
1719 5220 1863 5290 indigere.

227 5313 335 5379 amicis,
348 5309 512 5383 quialorsan
523 5309 687 5379 quandoque
700 5311 803 5365 auricus
820 5317 866 5368 liet
879 5314 1014 5381 inimicus,
1066 5310 1212 5377 dampnum
1228 5308 1369 5377 enituerit
1393 5311 1460 5365 mihi
1485 5311 1592 5381 pudori·
1607 5312 1678 5366 Dixit
1702 5314 1778 5370 elius
1802 5317 1867 5387 plri-

228 5416 255 5462 et
270 5407 310 5463 sic
328 5405 414 5459 larius
428 5402 529 5472 poteris
545 5401 682 5469 requirere
693 5401 838 5471 dairipmrm
853 5413 939 5457 trium.
949 5404 1014 5459 iterii
1067 5398 1201 5470 losopbus
1220 5417 1227 5453 a
1243 5399 1264 5452 T
1267 5401 1341 5457 ribus
1355 5401 1442 5457 modis
1456 5418 1525 5458 onus
1540 5403 1642 5473 indiget
1657 5403 1721 5459 alio.
1737 5405 1866 5463 cuicun-

228 5498 297 5553 alius
312 5496 487 5566 plrilosopbos
503 5506 510 5545 ι
525 5490 597 5545 Care
620 5491 667 5545 tibi
684 5507 699 5544 a
718 5493 830 5547 consilio
842 5494 912 5548 illius
930 5510 945 5547 a
960 5511 1015 5565 qao
1066 5507 1119 5561 que
1133 5490 1311 5558 benefeceris,
1322 5494 1349 5547 in
1364 5508 1396 5548 eo
1410 5494 1497 5563 oraior
1518 5509 1551 5549 eo
1575 5497 1640 5560 eris,
1664 5512 1720 5565 quo
1746 5513 1806 5552 non
1823 5501 1868 5553 iii·

227 5588 297 5659 peris
318 5585 471 5653 eonsilium,
496 5584 548 5637 uisi
572 5582 608 5637 sit
632 5582 677 5637 tib't
703 5582 788 5639 lidelis
812 5587 1012 5655 comprobatus.
1065 5580 1565 5652 digneris,peripsiuseris3qiiorero
1579 5583 1742 5655 indigueris,
1756 5588 1867 5642 minor.

228 5682 294 5737 item
307 5680 398 5734 alios:
415 5675 531 5732 Consule
555 5675 643 5730 amico
663 5682 708 5729 ittu
724 5676 750 5729 iii
769 5681 866 5731 borium
882 5688 1013 5748 quantum
1064 5674 1141 5729 illius
1156 5692 1164 5729 r
1179 5674 1317 5743 Sapientia
1339 5684 1444 5728 mortua
1468 5689 1579 5743 corpora
1595 5676 1716 5731 ririlicat
1731 5679 1869 5735 claritate

228 5770 348 5841 potoris,
372 5766 423 5823 etsi
449 5766 495 5821 tibi
523 5765 635 5821 credere
657 5764 771 5823 noluerit
788 5784 794 5833 ;
812 5766 912 5835 jasium
941 5769 1013 5823 enim
1065 5782 1124 5836 sua,
1141 5768 1213 5822 rclut
1239 5778 1310 5823 terre
1327 5766 1402 5823 arida
1428 5768 1587 5823 buiriiilimie
1613 5767 1712 5838 plurirc
1735 5774 1869 5830 virescit.
