4017 6342
256 314 312 371 323
810 302 976 361 renuent
995 306 1143 362 nunnus
1162 304 1192 361 ε.
1214 303 1325 361 urnsn
1820 315 1864 373 rer

253 430 336 501 jussu
372 427 481 482 Domini
516 424 633 495 impletae
667 429 731 475 sunt
766 418 885 490 hydriae,
918 418 1133 489 signiticatdct
1144 419 1318 490 dispergitur.
1341 415 1429 471 Tertia
1449 424 1489 471 est
1505 415 1539 471 ab
1559 416 1745 475 adolescentia.
1762 422 1866 485 Primum

256 521 320 593 quia
335 517 476 588 Scriptura
490 516 524 571 ab
538 522 633 571 coest.
654 512 745 568 Potuit
759 512 869 583 quidem
883 526 985 567 vacuas
995 511 1049 565 im·
1103 527 1152 581 per
1172 510 1365 568 cohibitionem
1387 508 1536 577 disciplina.
1550 510 1763 581 circumciditur;
1785 517 1866 578 deinde

255 613 332 684 plere
347 611 411 666 vino
424 609 470 680 qui
485 616 583 664 cuncta
599 607 702 662 creavit
723 620 756 660 ex
779 604 875 672 nihilo,
891 605 939 660 sed
954 604 1052 659 maluit

256 701 292 757 de
303 716 374 772 aqua
387 700 481 754 viuum
501 697 602 763 lacere,
616 705 646 753 ut
663 697 773 752 doceret
788 709 817 750 se
828 712 883 752 non
897 696 983 767 legem
996 696 1052 750 sol-

255 808 330 860 vere,
347 792 395 847 sed
417 790 576 861 adimplere,
592 799 620 845 et
637 789 664 843 in
681 788 827 860 Evangelio
844 789 889 843 illa
903 788 992 843 lacere
1010 791 1052 843 rel

256 882 356 939 docere
378 881 513 952 praedixit.
534 880 627 952 Usque
640 880 674 936 ad
688 896 826 935 summum
844 880 992 951 implentur
1003 880 1053 951 hy-

256 973 334 1037 rlriae,
350 972 416 1043 quia
433 971 538 1026 nullum
565 979 674 1041 tempus
697 970 778 1026 inita
800 971 913 1026 salutari
929 972 1053 1026 doctrina

256 1081 387 1121 vacuum.
403 1063 616 1129 hrcbitriclinus
627 1064 788 1135 intelligitur
799 1065 926 1135 princeps
939 1065 966 1118 in
979 1064 1053 1134 peri-

1104 603 1245 673 praecptis
1267 601 1440 666 irdornratur,
1459 608 1485 654 et
1501 601 1615 657 consilio
1639 604 1748 671 regitur.
1771 607 1866 681 Quarta,

1104 697 1130 752 id
1146 697 1325 766 estJuventns
1338 694 1440 749 servire
1458 692 1514 762 jam
1529 693 1673 763 cogitaret
1688 696 1818 767 subjicitur
1829 719 1865 759 re·

1104 803 1205 859 gnum,
1230 795 1259 842 ut
1283 802 1330 857 per
1358 784 1483 841 timorem
1510 784 1628 841 lrorninis
1655 787 1770 845 diriuuur
1790 794 1865 853 distat.

1104 878 1214 947 Quinta,
1231 878 1309 933 idest
1322 877 1409 932 ririlis
1429 885 1494 931 aetas
1512 886 1572 946 post
1587 877 1709 934 timorem
1726 881 1866 945 bourinisad

1104 972 1227 1027 divinum
1240 971 1322 1025 veuit.
1345 969 1437 1034 Serta,
1454 970 1479 1025 id
1505 978 1548 1024 εει
1571 980 1705 1037 εειιεειιιε,
1724 977 1795 1043 quasi
1810 980 1867 1037 itura

1106 1062 1325 1132 correupiscentia
1352 1060 1508 1115 futurorum
1533 1059 1659 1114 trahitur.
1680 1060 1724 1118 Sic
1742 1064 1867 1125 humanam

230 1142 235 1156 ¹
257 1157 296 1212 tia
307 1156 456 1228 Scriptura
468 1158 635 1213 continentis
651 1157 782 1212 historias
805 1163 832 1212 et
849 1157 1018 1211 moralitates
1029 1164 1056 1211 et

257 1249 413 1320 allegorias.
435 1249 504 1304 llum
524 1264 589 1320 ergo
611 1248 658 1303 tali
682 1248 754 1303 velut
774 1247 933 1312 Nicodemn,
956 1246 1055 1303 Cama-

244 1337 325 1405 licii,
336 1340 473 1412 discipulo
484 1340 544 1410 ejus
556 1338 641 1395 Saulo
652 1338 765 1393 verbum
782 1338 919 1411 Evangelii
931 1337 1054 1405 ollertur,

259 1432 354 1489 riuum
378 1432 413 1489 de
439 1449 511 1503 aqua
541 1432 643 1489 lactum
668 1432 856 1488 architriclino
885 1432 1054 1501 propinatur.

257 1518 389 1579 Nonnulli
403 1540 562 1597 peraquam
576 1525 741 1595 baptismum
756 1521 880 1591 loannis,
899 1538 948 1593 per
962 1523 1056 1577 vinum
1108 1524 1308 1595 gubernatum,
1334 1532 1361 1577 ct
1394 1530 1493 1590 quarto
1521 1522 1572 1577 snb
1596 1521 1705 1592 regibus
1733 1524 1870 1584 dunrinatori

258 1614 416 1685 passionem
438 1614 541 1669 Christi
567 1614 715 1683 accipiunt.
734 1612 849 1667 Undeet
864 1612 957 1667 virtum
981 1612 1057 1681 prius
1109 1615 1280 1685 subjectum,
1303 1614 1408 1683 quinto¹
1429 1612 1480 1668 sub
1505 1612 1681 1683 pontificibus
1705 1616 1810 1686 religioni
1830 1634 1871 1689 pa-

260 1704 348 1762 lcrtur
368 1706 565 1775 architriclino,
581 1706 607 1761 id
618 1714 660 1761 est
672 1705 724 1777 ipsi
734 1704 844 1772 loanni,
857 1706 904 1776 qui
918 1713 980 1760 ante
990 1704 1058 1759 bibit
1109 1726 1182 1776 rene,
1210 1718 1288 1764 sento
1314 1708 1366 1763 sub
1389 1709 1476 1778 gratia
1499 1721 1562 1761 uera
1578 1706 1701 1762 bonitate
1724 1710 1870 1769 illustratum.

258 1795 416 1867 passionem
427 1813 509 1868 quam
521 1795 657 1852 Christus.
677 1796 899 1863 llrcbitriclinus,
913 1797 937 1850 id
950 1805 991 1851 est
1003 1804 1057 1851 tres
1075 1769 1093 1826 n
1110 1801 1169 1857 istae
1182 1816 1228 1857 sex
1245 1800 1347 1871 bydriae
1371 1799 1428 1853 sire
1453 1798 1479 1853 in
1498 1798 1615 1853 decursu
1630 1800 1724 1855 saecmi
1746 1806 1871 1871 prasentia,

261 1890 373 1947 ordines
384 1891 411 1945 iu
423 1891 527 1962 nuptiis
545 1890 787 1957 discumbentium,
799 1889 942 1944 altitudine
955 1888 1058 1942 distan-
1110 1894 1168 1949 sir-e
1183 1895 1209 1948 in
1226 1892 1279 1946 rita
1293 1891 1423 1958 hominis,
1447 1904 1543 1946 omncs
1566 1892 1646 1961 aquis
1667 1892 1808 1963 implentur,
1823 1897 1873 1965 ruia

262 1994 304 2041 tes
318 1986 390 2039 inter
404 1999 443 2052 se,
458 1985 604 2054 designant
619 1994 676 2040 tres
692 1984 803 2038 ordines
817 1982 936 2037 lideliunr
959 1983 986 2036 in
1006 1981 1057 2037 Ec·
1107 1986 1211 2057 judicio
1233 1985 1328 2055 plenus
1348 1993 1390 2041 εει
1410 1980 1539 2039 mundus.
1560 1982 1669 2041 iudicia
1696 1994 1749 2050 tna,
1772 1986 1871 2051 bornine.

261 2074 1009 2147 etesia:conjugatorum,continentiam,etdocturau.
1026 2072 1058 2126 Ei
1110 2079 1225 2150 abyssus
1241 2078 1334 2131 rrrnlta.
1356 2075 1439 2130 llulta
1459 2085 1587 2145 operatus
1605 2086 1648 2132 est
1675 2076 1743 2132 Deus
1764 2077 1792 2132 ab
1813 2078 1875 2133 initio

262 2168 478 2240 quiadoctorum
492 2178 535 2224 cst
546 2168 832 2235 veteribusinstitutis,
842 2168 956 2241 gratiam
968 2166 1057 2221 Evan-
1110 2170 1212 2233 saculi,
1229 2178 1254 2223 ct
1269 2169 1376 2238 operari
1390 2184 1443 2221 nrn
1456 2168 1556 2221 desinit
1572 2184 1662 2240 usquc
1681 2168 1707 2221 in
1729 2169 1799 2223 linem
1819 2170 1872 2238 ejus,

262 2261 326 2333 gelid
350 2260 490 2332 praeferre,
512 2270 609 2317 vocato
635 2277 737 2332 sponso
758 2260 826 2317 dixit
854 2260 1058 2316 architriclinus
1109 2264 1217 2317 etcirra
1232 2262 1369 2315 borninenr
1385 2278 1399 2315 a
1415 2262 1648 2334 principiuusque
1669 2262 1703 2316 ad
1728 2262 1799 2316 linem
1820 2263 1873 2331 rjus,

261 2352 366 2409 bonum
390 2354 484 2409 riuum
512 2353 599 2411 luisse
614 2362 763 2410 serratum.
782 2353 860 2421 Quod
879 2366 969 2409 antem
989 2352 1058 2409 dici·
1109 2356 1235 2410 ctornuia
1247 2352 1447 2423 lraecjudicium
1461 2368 1535 2423 sunt,
1551 2365 1578 2409 et
1592 2356 1661 2409 nihil
1689 2356 1825 2411 siuccausa
1844 2360 1873 2409 lit.

263 2454 318 2513 tur,
335 2461 391 2501 non
410 2446 693 2515 sciebatundeesset,
709 2445 1057 2517 intelligendumest,quia
1111 2448 1163 2504 Sed
1187 2448 1308 2518 quandiu
1333 2447 1422 2503 dicere
1448 2463 1503 2502 non
1532 2457 1621 2519 potest
1651 2449 1752 2502 bourn:
1770 2446 1875 2501 iludiria

262 2541 358 2598 multis
371 2542 400 2595 in
414 2542 472 2613 lege
492 2541 586 2611 peritis
612 2540 761 2597 secundum
781 2540 899 2595 litteram
914 2539 1058 2594 nuntiare-
1109 2551 1155 2597 tna
1165 2540 1285 2612 jucunda
1298 2539 1384 2609 (Paul.
1399 2541 1529 2611 cxrrtr),r
1546 2541 1671 2595 nondum
1688 2556 1755 2610 aqua
1767 2540 1790 2593 in
1802 2541 1875 2593 viuum

261 2640 330 2685 runt
348 2627 527 2701 Evangelium
551 2628 679 2699 discipuli
696 2628 809 2694 Christi,
835 2628 882 2699 qui
910 2628 1058 2683 hauserant
1109 2648 1240 2689 conversa
1266 2640 1316 2687 est.
1337 2630 1587 2688 llclicicntevetere
1613 2632 1692 2697 ritro,
1716 2632 1877 2704 hydriasque

263 2735 374 2791 aquam,
392 2722 540 2791 prudenter
552 2721 728 2793 intelligendo
744 2730 772 2777 ει
786 2722 899 2777 lldeliter
910 2719 1058 2791 aperiendo
1109 2728 1266 2797 implentur,
1285 2724 1349 2794 qaia
1366 2740 1428 2779 curn
1447 2723 1474 2778 in
1492 2724 1544 2779 vita
1565 2724 1689 2779 bominis
1711 2724 1822 2779 carnales
1840 2724 1878 2779 dt·

262 2820 381 2867 reterens
398 2810 576 2883 Scriptorum.
596 2811 693 2867 Otnnis
717 2813 800 2867 houro
822 2812 940 2881 primunt
954 2810 1057 2865 bouum
1109 2817 1268 2872 lectatiunes
1295 2814 1433 2881 deliciunt,
1462 2815 1561 2871 divinae
1581 2815 1781 2871 consolationes
1802 2830 1879 2871 succe-

262 2902 358 2959 Vissllffl
371 2905 457 2975 ponit,
475 2905 577 2962 dicium
589 2904 676 2961 estad
690 2906 806 2961 liberam
820 2904 968 2960 secundum
985 2902 1057 2957 mul·
1108 2910 1185 2965 dunt.
1205 2908 1271 2977 Quae
1285 2907 1393 2977 quidem
1408 2906 1579 2962 initiantibus
1595 2906 1691 2963 minus
1711 2907 1808 2978 saporis
1826 2922 1879 2962 eon·

263 3006 354 3053 torum
366 2998 602 3054 ⁰⁰¹¹⁵⁰011¹tfi¹¹0¹¹¹·
621 2996 743 3069 Ml'slioe·
759 2997 852 3063 ¹10ffl0,
868 2996 894 3051 ill
906 3004 948 3051 θῦῑ
960 3010 1058 3051 cothi-
1109 3002 1210 3068 lerunt,
1226 2998 1432 3071 prolicientibus
1444 3000 1561 3069 amplias
1574 2998 1746 3067 dulcescunt,
1761 2998 1880 3071 quintana

262 3091 309 3158 lis,
324 3092 444 3149 deterius
463 3094 557 3148 vinum
572 3093 641 3149 bibit
667 3103 729 3163 post
745 3092 859 3159 bortum
882 3092 909 3147 td
929 3102 971 3148 est
994 3107 1057 3147 curn
1072 3111 1092 3169 c
1110 3109 1188 3165 aquae
1199 3093 1225 3149 in
1241 3093 1334 3147 vinurn
1356 3100 1563 3156 convertuntur,
1578 3092 1694 3162 errando
1713 3092 1738 3145 in
1751 3100 1828 3145 mente
1840 3091 1878 3145 bo

264 3186 375 3243 animus
386 3186 421 3241 ad
435 3184 504 3242 lalsa
519 3185 669 3242 descendit.
691 3184 743 3240 Sed
762 3184 911 3256 spiritualis
935 3184 1057 3255 quotidie
1108 3186 1190 3241 minis
1204 3200 1273 3255 opus
1284 3183 1331 3239 lici
1347 3183 1420 3254 quod
1439 3184 1575 3239 laboranti
1591 3183 1713 3254 primunt
1736 3198 1784 3237 non
1797 3184 1878 3253 sapuit,

1106 1172 1202 1227 genus,
1230 1156 1349 1226 primunt
1375 1154 1477 1209 diluvio
1505 1154 1633 1208 obrutum
1652 1163 1703 1223 est,
1725 1160 1830 1215 serianth
1847 1164 1868 1218 in

1107 1249 1287 1305 redilieatione
1304 1248 1388 1303 turris
1413 1247 1527 1316 elatum,
1549 1248 1575 1303 in
1594 1234 1725 1304 divisione
1737 1251 1868 1323 linguarum

1106 1343 1279 1412 dispersum,
1309 1340 1390 1395 tortio
1416 1340 1442 1393 in
1468 1340 1606 1394 Abrabam
1639 1340 1827 1409 circumcisum,
1848 1348 1870 1403 in

1107 1432 1199 1503 llrtyse
1214 1428 1356 1502 praeceptis
1370 1428 1557 1495 informatum,
1574 1429 1625 1485 sub
1638 1429 1870 1499 judicibusconsilio

263 3371 419 3428 ebriaturet
426 3371 543 3442 prolicit.
552 3368 688 3426 liastmus
698 3373 843 3442 episeopus
853 3369 879 3425 in
889 3384 1017 3425 sermone
1024 3370 1057 3425 dc
1107 3368 1173 3425 ltem
1196 3384 1244 3425 sex
1258 3368 1361 3440 hydria
1378 3382 1426 3423 sex
1441 3375 1535 3423 etates
1555 3368 1664 3436 mundi,
1684 3384 1753 3439 aqua
1768 3368 1793 3422 in
1804 3367 1881 3420 vinum

263 3462 417 3535 Epiphania
439 3464 486 3534 qui
512 3464 549 3519 ita
575 3462 691 3532 incipit:
714 3461 873 3533 ‹Completa
892 3461 982 3528 uobis,
1002 3459 1056 3515 dra·
1108 3477 1248 3529 conversa,
1265 3476 1347 3531 opera
1366 3460 1487 3530 priorum
1508 3460 1534 3515 in
1548 3462 1635 3531 ligura
1665 3460 1831 3531 spiritualium
1843 3474 1882 3527 gc-

264 3555 415 3623 tres,dirit
430 3574 437 3609 :
455 3554 532 3609 Sicut
555 3554 707 3624 posteritati
733 3570 790 3611 suae
808 3554 895 3609 lldclis
919 3552 1058 3608 mandavit
1108 3561 1160 3610 sta.
1181 3550 1209 3606 ln
1225 3553 1312 3622 prima
1337 3560 1416 3607 aetate
1429 3552 1497 3609 Abel
1511 3568 1612 3622 agnum
1629 3550 1690 3607 Deo
1703 3552 1802 3617 obtulit,
1814 3562 1882 3619 quent

263 3645 426 3715 antiquitas,
441 3644 523 3699 hodie
535 3644 661 3698 Salvator
674 3653 716 3698 cst
732 3660 748 3699 a
767 3643 903 3700 Chaldaeis
915 3644 1055 3699 adoratus.
1108 3644 1191 3699 irater
1205 3642 1348 3699 suusCain
1361 3644 1471 3709 occidit,
1484 3652 1581 3713 etpost
1595 3644 1654 3701 baec
1669 3642 1799 3699 Dentibus
1807 3640 1884 3695 Enurb

263 3737 352 3793 lindie
376 3737 477 3792 fluenta
503 3736 632 3791 iordanis
655 3737 841 3794 benedictione
851 3736 953 3807 proprii
968 3737 1057 3807 bapti·
1109 3735 1136 3790 in
1151 3736 1249 3790 coeluur
1267 3734 1415 3789 transtulit.
1440 3733 1478 3789 De
1494 3734 1546 3789 bae
1566 3735 1662 3807 hydria
1686 3750 1774 3805 aquae,
1789 3732 1883 3787 rcrbnnr

263 3829 554 3886 amatiseonseeravit.
568 3827 653 3885 llodie
664 3830 794 3886 inritatus
807 3831 840 3885 ad
852 3831 1058 3900 rrnptiasaqnas
1108 3828 1157 3885 Dei
1171 3827 1327 3883 sitientibus
1342 3827 1435 3882 vinum
1463 3825 1600 3895 hauritur,
1621 3828 1690 3883 ditm
1719 3830 1771 3883 boc
1792 3826 1886 3896 ruratica

262 3921 344 3977 vertit
360 3922 388 3977 in
402 3921 508 3977 vinum.
1108 3920 1238 3991 aperitur.
1263 3918 1328 3973 hbet
1346 3919 1392 3988 qni
1407 3934 1507 3991 agnum
1532 3920 1710 3985 sacriticarit,
1726 3928 1767 3975 est
1780 3916 1885 3974 Christus

405 4010 488 4066 l'lEll
507 4012 553 4066 DE
570 4010 688 4068 EODEM
708 4012 913 4069 EVAh'CELlO.
1108 4008 1154 4078 qui
1184 4023 1283 4077 corpus
1299 4024 1379 4063 suurn
1404 4024 1452 4077 pro
1473 4010 1552 4065 nobis
1569 4010 1626 4066 beo
1641 4009 1719 4066 Patri
1744 4008 1887 4066 immolarit.

301 4126 312 4158 t
330 4106 441 4178 implete
463 4106 574 4178 hydrias
595 4124 667 4179 aqua
688 4105 779 4176 (Ιοαη,
801 4108 867 4178 11).»
889 4107 999 4163 Galilaea
1016 4108 1057 4162 in-
1109 4100 1175 4153 Abel
1202 4116 1217 4155 ιι
1240 4098 1324 4155 fraite
1347 4101 1490 4171 occiditur,
1506 4112 1533 4159 ei
1545 4102 1672 4159 Christus
1693 4120 1709 4159 a
1731 4103 1889 4171 Judaieopo*

263 4207 429 4271 terpretatur
447 4201 659 4270 transmipratio.
681 4197 742 4253 Vita
763 4214 829 4269 ergo
846 4215 966 4269 praesens
983 4199 1058 4255 Call·
1108 4195 1172 4264 puto
1189 4195 1365 4251 interimitur.
1388 4196 1481 4253 Enoch
1498 4199 1533 4253 de
1552 4206 1625 4253 terra
1645 4200 1766 4270 rapitur,
1784 4209 1809 4255 et
1822 4198 1890 4253 Chri·

263 4291 315 4347 laea
335 4299 379 4347 est
398 4292 597 4363 transmigrans
616 4291 650 4346 de
670 4290 850 4360 prasendbus
862 4291 895 4346 ad
910 4290 1012 4347 lutura.
1027 4289 1057 4345 ln
1109 4294 1167 4341 stus
1184 4296 1247 4355 post
1260 4287 1417 4357 passionem
1439 4288 1466 4342 in
1489 4291 1589 4345 ooelurn
1611 4290 1788 4347 transfertur.
1813 4290 1838 4343 ln
1853 4304 1889 4343 εε-

263 4384 374 4441 Calilaea
391 4382 579 4453 nuptiaeiiunt,
590 4382 655 4452 qaia
670 4383 698 4436 in
714 4383 830 4438 transitu
846 4385 976 4454 temporis
990 4399 1056 4439 san·
1109 4379 1197 4433 cunda
1215 4388 1293 4435 aetate
1310 4378 1366 4435 Noe
1382 4381 1511 4451 plantans
1540 4382 1646 4437 vineam
1663 4384 1731 4439 rino
1747 4384 1892 4445 inebriatur,

263 4476 399 4533 otilieatur
426 4476 525 4547 copula
542 4489 728 4545 permansura
748 4475 902 4532 dilectionis
929 4476 1058 4533 Ecclesiae
1073 4456 1094 4510 D
1109 4471 1249 4527 dormiens
1263 4471 1428 4540 detruderes,
1444 4490 1460 4528 a
1475 4472 1530 4529 dtto
1555 4476 1758 4544 subsannatur,
1773 4492 1787 4531 a
1800 4474 1892 4530 dnobus

263 4568 298 4624 ad
316 4566 471 4634 Christum,
484 4566 583 4621 anim-‘e
594 4567 628 4621 ad
639 4565 735 4621 Deum
752 4566 806 4623 Sex
817 4566 920 4639 hydriae
935 4579 997 4624 sunt
1010 4584 1057 4623 sex

262 4668 357 4716 aetates
371 4659 400 4715 in
414 4659 529 4715 mundo.
549 4656 643 4713 Prima
661 4660 696 4714 ab
711 4659 797 4715 Adam
819 4676 907 4732 usque
930 4662 963 4717 ad
984 4660 1056 4726 Noe;

263 4752 394 4819 mcuuda,
405 4768 422 4807 a
434 4749 492 4806 Noe
502 4751 636 4820 usquead
652 4750 805 4819 Abraham3
818 4754 908 4820 tertia,
921 4754 956 4809 ab
971 4754 1058 4809 hbra-

262 4843 328 4898 ham
352 4858 440 4914 usque
457 4843 492 4899 ad
504 4842 607 4907 llarid;
622 4852 731 4912 quarta,
753 4858 769 4898 a
797 4843 882 4901 liarid
910 4862 997 4917 usque
1023 4846 1055 4902 ad

262 4932 532 5003 transmigrationem
546 4933 711 5007 Babylonis;
733 4934 838 5005 qtrinta,
852 4951 867 4989 a
880 4936 1056 5005 transmigra-

262 5028 338 5083 tione
349 5026 496 5097 Babrlonis
511 5042 599 5097 usque
611 5028 646 5083 ad
662 5026 802 5083 Christum
815 5046 823 5094 ;
844 5037 931 5094 sexta,
950 5026 1056 5082 aCbri-

263 5126 411 5186 stonsque
428 5118 463 5173 ad
483 5117 563 5174 bnem
588 5119 690 5175 saeculi.
709 5118 739 5173 ln
753 5120 809 5174 vita
833 5119 952 5175 hominis
968 5118 1056 5189 prima

1109 4571 1182 4619 veste
1211 4565 1326 4619 relatur.
1355 4564 1493 4637 Evigilans
1522 4580 1588 4621 reru
1616 4567 1762 4624 irrisorem
1798 4566 1895 4624 servitio

1109 4656 1219 4723 addicit,
1238 4658 1356 4727 reliquos
1375 4658 1407 4713 ad
1424 4658 1537 4728 gloriam
1558 4658 1705 4715 benedicit.
1734 4659 1799 4715 ttae
1811 4658 1893 4730 hydria

1109 4762 1187 4818 aqrrar
1201 4748 1380 4815 convertitur,
1401 4764 1464 4803 enm
1488 4749 1536 4803 tali
1551 4751 1633 4805 modo
1651 4751 1825 4823 intelligitur.
1848 4746 1898 4801 Noc

1108 4840 1155 4909 qui
1180 4840 1288 4895 vineam
1311 4840 1453 4912 plantavit,
1476 4850 1521 4897 est
1543 4840 1671 4899 Christus
1690 4844 1741 4913 qui
1757 4842 1896 4899 Ecclesiam

1108 4930 1243 4999 fundavit,
1261 4932 1308 5003 qui
1324 4932 1422 5003 poculo
1437 4948 1537 4987 araturae
1548 4934 1688 5003 passionis
1697 4934 1864 4998 inebriatur,
1876 4938 1900 4986 ει

1108 5042 1123 5080 a
1137 5026 1239 5095 perlida
1255 5026 1355 5097 populo
1382 5026 1480 5082 irrisus
1502 5026 1674 5097 deturpatur,
1701 5029 1753 5083 sed
1768 5042 1785 5082 a
1799 5026 1898 5081 duolrns

1108 5116 1224 5183 relatur,
1241 5117 1266 5171 id
1279 5124 1321 5173 est
1333 5118 1367 5172 ab
1381 5116 1502 5175 llebrteis
1517 5129 1544 5174 ct
1565 5120 1691 5190 gentibus
1706 5119 1839 5175 lidelibus
1851 5126 1900 5171 tnr-

263 5208 389 5275 iulautia,
399 5209 518 5265 secunda
528 5212 655 5279 pueritia,
669 5212 749 5265 tertia
760 5211 1057 5281 adolescerrtia‚quarta
1108 5210 1203 5279 pitudo
1215 5209 1351 5279 passionis
1365 5212 1425 5281 ejus
1441 5219 1596 5267 veneratur.
1613 5212 1666 5279 Qui
1681 5228 1696 5267 a
1713 5228 1819 5267 somno
1836 5223 1901 5264 uror-

261 5300 403 5372 jurentus,
419 5301 514 5372 quinta
527 5299 613 5357 virilis
622 5310 701 5368 aetas,
712 5310 788 5357 serta
803 5311 940 5358 senectus.
953 5302 1056 5369 Prima,
1108 5303 1144 5357 tis
1159 5302 1300 5372 evigilans,
1323 5302 1463 5359 irrisorem
1478 5304 1608 5375 populum
1621 5304 1771 5360 iudaicam
1783 5304 1903 5364 damnat,

262 5394 346 5450 idest
356 5392 481 5458 halantia,
498 5395 579 5465 quas
593 5397 712 5466 quodam
737 5394 841 5450 diluvio
865 5395 970 5451 lubrice
987 5396 1058 5451 obli·
1108 5412 1137 5451 sc
1149 5396 1317 5451 honorantes
1339 5397 1373 5452 ad
1393 5396 1477 5451 vitam
1493 5397 1603 5452 exaltat.
1628 5396 1657 5451 ln
1670 5398 1754 5452 tertia
1768 5391 1901 5451 aetatelo-

262 5480 355 5538 rionis
372 5483 509 5550 obruitur,
531 5495 561 5540 ut
584 5500 640 5540 non
661 5485 785 5540 videatur
796 5484 824 5539 in
839 5494 991 5555 posterum,
1008 5502 1058 5541 noc
1108 5488 1174 5558 seph
1186 5489 1222 5543 ob
1233 5488 1362 5545 invidiam
1376 5504 1391 5543 a
1403 5488 1533 5545 iratribus
1548 5488 1710 5557 venditur,a
1723 5488 1845 5543 domina
1858 5497 1903 5539 sua

262 5573 377 5644 vestigia
391 5574 435 5628 sui
445 5574 500 5628 ulla
512 5576 657 5644 relinquat.
679 5573 816 5642 Secutma,
834 5576 915 5633 idest
928 5576 1060 5647 pueritia,
1108 5580 1142 5635 ob
1155 5580 1308 5635 castitatem
1324 5580 1525 5646 incriminatur,
1543 5581 1722 5636 incurrerem
1740 5578 1904 5637 retruditur,

263 5666 384 5734 paurum
399 5684 414 5721 a
429 5668 533 5723 diluvio
547 5668 693 5724 oblivionis
707 5669 742 5724 ad
761 5686 872 5726 sensum
887 5674 992 5737 exiens,
1011 5686 1057 5741 per
1108 5672 1142 5727 de
1155 5688 1264 5728 carcerc
1277 5673 1401 5740 eductus,
1424 5673 1473 5728 toti
1498 5672 1615 5743 lEgypto
1636 5671 1824 5743 preponitur.
1848 5666 1906 5723 liaeo

263 5758 420 5827 snperbiam
432 5758 591 5830 erigitur,et
601 5775 648 5831 per
661 5761 913 5833 concupiscendam
925 5763 1056 5820 dividitur
1108 5766 1203 5839 hydria
1230 5780 1307 5837 aqnae
1333 5768 1426 5825 suaris
1443 5767 1529 5824 rcllcit
1543 5782 1594 5823 uos
1609 5769 1704 5840 sapore
1721 5766 1785 5823 riui
1804 5761 1908 5823 dende
