4017 6342
123 271 194 341 ,tata
588 260 881 332 arraonnnoues
901 273 951 330 ss.
971 270 1126 330 estnon.
1138 267 1253 334 -tm
1272 251 1301 326 n.
1696 256 1766 348 isat

126 385 267 444 velationis
282 384 434 443 abutantur
447 389 555 460 quidam
577 399 634 458 prae
649 386 753 452 gaudio
783 387 921 444 vanitatis.
937 386 1046 457 Aquod
1059 393 1138 441 atate
1148 379 1256 450 maturi,
1269 397 1323 438 non
1341 389 1432 436 tamen
1446 379 1530 456 nimia
1551 387 1768 450 senectuteque

128 477 249 533 liursum
266 477 328 532 aliis
342 476 423 532 dolor
435 477 604 535 conlusionis
625 476 653 530 in
669 474 793 533 dolorem
818 480 922 533 εχει-εἰ·
974 491 1085 533 sensum
1101 475 1209 540 minuit,
1222 475 1359 531 debilitate
1370 473 1468 528 melius
1481 487 1576 542 sapere
1595 472 1765 542 judicantur,

129 569 240 625 tationis
255 569 381 635 vertitur,
393 579 422 625 ct
433 572 497 626 item
510 572 570 626 aliis
585 569 664 624 dolor
675 569 881 626 exercitationis
895 569 921 622 in
973 571 1050 641 quia,
1065 569 1271 626 senescentibus
1286 565 1417 624 membris
1432 573 1457 622 ct
1475 565 1664 636 corporalibus
1678 567 1767 622 sensi-

124 664 249 718 ‘dolorcm
265 659 438 718 contusionis
453 672 647 718 commutatur.
973 663 1027 720 bus
1041 660 1164 729 mollitis,
1178 676 1227 731 pro
1242 663 1360 718 maxima
1376 658 1492 729 partein
1511 658 1655 715 consilium
1676 661 1767 714 trans-

165 751 213 806 llis
225 752 319 820 itaque
332 752 455 823 quinque
465 755 580 809 statibus
591 755 719 807 bumanae
734 749 924 807 mutabilitatis
974 763 1059 822 euttt,
1079 755 1126 810 ubi
1141 755 1212 810 dum
1226 769 1305 810 mens
1320 751 1439 822 amplius
1453 759 1615 822 occupatur,
1628 750 1767 806 robustior

132 851 304 914 apponantur
315 843 563 914 utrinqucvirtutes
577 845 676 900 animae
688 840 838 899 naturales.
852 844 925 910 Qua·
974 849 1075 904 virtute
1103 846 1276 903 adunationis
1299 845 1425 901 edicitur.
1451 841 1722 909 Quartaestvitalis,
1739 840 1767 897 id
1853 843 1855 848 '

131 952 193 990 rum
205 935 293 1004 prima
306 935 444 1006 duplicem
459 937 539 992 babet
554 937 683 991 virtutem
699 955 705 988 :
719 943 747 989 et
762 936 822 990 ideo
837 935 925 990 sensi-
974 949 1016 996 ost
1030 939 1105 996 calor
1119 939 1217 993 aninam
1237 938 1382 1004 naturalis,
1403 935 1449 1005 qui
1470 934 1549 990 nobis
1562 941 1672 1006 propter
1685 948 1768 989 suum

132 1028 196 1083 bilis
206 1027 235 1081 in
245 1037 361 1098 utraque
373 1038 450 1098 parte
465 1029 626 1098 appellatur.
642 1026 749 1082 Triboit
759 1027 831 1082 enim
846 1026 926 1081 intel·
975 1031 1111 1088 servorem
1127 1030 1324 1085 moderandum
1334 1037 1363 1084 ut
1375 1043 1458 1083 auras
1470 1015 1603 1083 aetltereas
1614 1025 1768 1081 hauriendo

131 1120 250 1191 ligentie
278 1129 380 1174 nostrae
406 1135 529 1188 sensum,
557 1135 613 1190 quo
640 1117 835 1191 imaginatione
849 1118 924 1172 varia
975 1134 1058 1196 atque
1080 1121 1219 1178 reddendo
1234 1123 1319 1176 vitam
1345 1119 1442 1174 tribuit
1466 1126 1494 1174 et
1519 1118 1647 1174 salutem.
1666 1117 1768 1185 Quintia

131 1210 317 1281 incmporalia
332 1213 493 1280 noscimus,
514 1211 581 1266 iacit
604 1212 685 1266 etiam
710 1211 866 1281 corporales
886 1209 926 1263 vi·
976 1225 1018 1272 est
1028 1213 1182 1278 delectatio,
1194 1213 1246 1267 boc
1268 1219 1310 1267 εει
1323 1210 1459 1281 appetitos
1474 1210 1538 1265 boni
1551 1219 1578 1264 ει
1588 1208 1668 1274 mali,
1685 1222 1769 1278 quem

132 1319 197 1374 gere
208 1318 318 1370 sensus,
335 1303 362 1358 id
374 1312 417 1358 est
427 1304 528 1370 visum,
542 1303 675 1368 auditum,
692 1303 852 1369 odoratum,
873 1317 926 1372 gu·
977 1306 1028 1362 sub
1041 1302 1212 1374 jucunditate
1226 1302 1335 1356 arrianus
1346 1299 1525 1370 concupiscit.
1544 1297 1595 1354 llic
1608 1314 1673 1353 vcro
1684 1313 1769 1368 appe-

132 1406 207 1451 stum
222 1405 249 1450 ct
264 1405 388 1451 tactum:
405 1411 460 1466 quo
487 1402 560 1450 tactu
589 1395 657 1450 dura
681 1402 707 1448 et
728 1394 839 1458 mollia,
855 1392 927 1447 lenia
977 1397 1044 1450 titus
1057 1395 1083 1447 in
1096 1400 1214 1462 quotuor
1230 1391 1334 1470 specics
1348 1389 1487 1444 dividitur.
1507 1387 1600 1443 Prima
1624 1396 1665 1442 est
1682 1394 1769 1441 attra-v

128 1487 287 1557 'asperaque
311 1487 456 1542 scutimus.
491 1485 616 1542 Secunda
632 1486 791 1556 imperativa
806 1484 925 1548 dicitur;
977 1484 1059 1548 ctiva,
1080 1481 1189 1551 rapiens
1215 1480 1249 1536 de
1275 1479 1393 1534 naturali
1415 1478 1489 1550 quod
1513 1478 1566 1534 sibi
1582 1476 1769 1534 necessarium

133 1595 196 1648 qnae
204 1579 283 1649 jubet
293 1580 405 1650 organis
421 1579 610 1649 corporalibus
621 1586 711 1633 ntotus
721 1578 844 1633 diversos
857 1591 927 1647 quos
978 1573 1078 1640 sentit;
1094 1570 1224 1637 secunda,
1237 1569 1400 1638 detentoria,
1416 1579 1556 1641 assumpta
1575 1571 1696 1624 retinens
1720 1567 1770 1623 dc·

132 1673 248 1740 impiere
261 1672 424 1739 decreverit,
438 1673 490 1726 ltoc
506 1669 701 1726 esttransiorri
719 1670 752 1724 dc
765 1670 826 1724 loco
839 1669 871 1723 ad
888 1668 928 1723 lo-
979 1682 1030 1721 nec
1055 1681 1088 1720 ex
1105 1663 1148 1718 bis
1175 1663 1249 1718 utilis
1277 1662 1400 1718 decoctio
1424 1669 1607 1732 procuretur;
1629 1659 1708 1714 tcrtia
1727 1665 1771 1714 cst

131 1781 209 1830 cnm,
225 1779 308 1820 voces
322 1767 413 1831 edere,
426 1764 551 1820 membra
573 1778 697 1818 curvare.
719 1761 810 1816 Tertia
823 1761 927 1831 princi·
942 1737 964 1792 B
979 1757 1148 1824 translativa,
1170 1772 1232 1827 quae
1247 1764 1357 1826 accepta
1384 1756 1411 1809 in
1438 1755 1511 1809 aliud
1530 1753 1665 1840 convertit
1686 1758 1771 1822 atquo

130 1857 205 1925 palis
219 1864 343 1924 vocatur,
370 1872 432 1911 cum
460 1855 495 1910 ab
513 1857 589 1911 omni
604 1865 666 1910 acto
679 1852 776 1910 remoti
792 1854 820 1907 in
838 1852 925 1907 otium
980 1849 1152 1918 transponit;
1165 1855 1262 1918 quarta
1276 1855 1318 1901 est
1330 1845 1475 1916 expletiva,
1493 1852 1707 1916 quantitatum
1723 1841 1771 1897 titt

131 1947 313 2015 reponimur,
327 1955 354 2003 et
370 1949 562 2018 corporalibus
585 1947 713 2004 sensibus
737 1945 837 2016 quictis
860 1959 926 2014 pro·
980 1941 1066 1996 libera
1080 1939 1131 1996 sibi
1147 1940 1271 1994 nocitura
1283 1937 1402 2008 depellit.

130 2035 247 2093 iuramus
274 2039 378 2110 aliquid
405 2039 568 2110 firmiusque
600 2044 760 2094 tractamus.
785 2036 858 2092 llinc
885 2042 928 2091 est

520 2319 583 2410 IN
622 2309 1031 2409 buotctttortu
1067 2317 1384 2412 ECCLESIAE.

775 2515 959 2577 Secundum
981 2514 1111 2576 Lucam.

176 2674 345 2748 cupressus
356 2671 438 2731 iesus
451 2675 661 2746 perambutabat
680 2674 798 2730 iericho.
818 2673 851 2729 Et
864 2690 928 2730 cccc
981 2677 1144 2730 virtutcmet
1154 2661 1202 2731 bei
1211 2675 1374 2745 sapientiam
1383 2673 1410 2747 il
1417 2673 1479 2732 Cor.
1489 2673 1635 2744 t).›Quam
1644 2674 1772 2730 arborem

135 2769 181 2824 vir
192 2767 303 2823 nomine
318 2765 460 2822 Zachaeus.
483 2764 516 2821 Et
529 2766 574 2821 bic
586 2774 645 2821 erat
659 2766 786 2837 princeps
806 2766 929 2837 publiea·
983 2768 1101 2836 pusillus
1115 2768 1249 2834 ascendit,
1266 2767 1331 2823 dum
1348 2767 1477 2838 quislibet
1492 2767 1604 2824 bumilis
1615 2778 1640 2824 ει
1655 2766 1773 2840 proprias

137 2874 252 2927 norom,
280 2869 308 2916 et
331 2859 389 2930 ipse
403 2859 490 2914 dives.
512 2857 546 2912 Et
566 2857 656 2913 ridere
678 2858 818 2928 quaerebat
836 2857 929 2913 lesum
983 2857 1292 2914 intirmitatisconscius
1307 2858 1408 2915 clatnat
1432 2878 1438 2914 :
1468 2858 1559 2914 ‹ttini
1586 2868 1676 2915 autem
1700 2861 1773 2917 absit

135 2952 202 3022 quis
216 2961 298 3017 esset,
319 2959 347 3006 et
362 2965 416 3005 non
430 2957 536 3021 poterat
549 2965 605 3020 prae
623 2951 718 3018 turba,
736 2951 801 3021 qnia
824 2960 930 3006 statura
984 2950 1095 3021 gloriari
1107 2950 1159 3006 nisi
1175 2950 1202 3005 in
1232 2966 1313 3006 cruce
1338 2949 1448 3006 Domini
1463 2951 1551 3008 nostri
1576 2949 1643 3008 Jcsu
1667 2950 1772 3010 Christi

134 3043 256 3114 pusillus
266 3051 335 3098 erat.
358 3041 392 3097 Et
405 3057 576 3112 praecurrens
596 3041 720 3098 ascendit
748 3042 777 3096 in
805 3042 930 3096 arborem
985 3041 1058 3112 (Gai.
1078 3041 1161 3111 vri.»
1188 3039 1273 3108 Quasi
1298 3050 1485 3098 transeuntem
1510 3042 1657 3099 Dominum
1683 3043 1773 3100 cernit

134 3147 314 3205 sycomorum
329 3143 360 3188 ut
376 3135 481 3189 videret
504 3149 579 3202 eum,
597 3133 661 3204 quia
680 3133 743 3189 inde
765 3142 824 3188 erat
840 3117 966 3188 trans-(3
983 3132 1068 3202 quiin
1082 3134 1172 3190 crucis
1197 3133 1328 3205 mysterio
1344 3134 1448 3190 coelesti
1472 3135 1613 3206 sapientia
1637 3139 1772 3207 quantum

133 3223 436 3296 laurasamensis
459 3222 527 3280 Ecce
553 3225 685 3293 camelus,
711 3224 834 3294 deposita
858 3222 932 3294 gibbi
982 3231 1082 3292 potest,
1094 3223 1220 3279 intendit.
1243 3223 1367 3296 Denique
1381 3225 1456 3294 inde,
1473 3226 1500 3282 id
1514 3235 1556 3282 est
1575 3227 1602 3282 in
1626 3226 1673 3282 iila
1694 3235 1773 3297 parto

135 3316 262 3381 sarcina,
275 3331 323 3387 per
338 3315 462 3370 toramen
484 3331 551 3372 acus
566 3317 675 3382 transit,
689 3315 742 3370 hoc
761 3323 803 3370 est
817 3314 894 3370 dives
905 3320 932 3369 et
985 3315 1153 3370 transiturus
1177 3323 1245 3382 erat,
1262 3317 1309 3370 ubi
1325 3332 1498 3388 sycomorus,
1523 3318 1550 3373 id
1574 3327 1616 3374 cst
1642 3317 1773 3376 iudaicus

133 3405 318 3475 publicanus,
330 3405 428 3462 relicto
453 3421 535 3461 onere
563 3406 721 3461 divitiarum
735 3447 742 3472 ,
777 3412 933 3474 contempto
982 3405 1112 3474 popolus,
1126 3405 1168 3460 vel
1179 3405 1226 3460 ubi
1237 3403 1346 3476 perutilis
1358 3407 1477 3478 populus
1489 3406 1645 3462 crediturus
1659 3414 1729 3472 erat,
1738 3403 1773 3462 ¹ui

132 3513 226 3552 censu
259 3497 420 3563 fraudium,
456 3504 600 3569 angttstam
635 3506 743 3568 portam
767 3508 933 3571 ‚arctamque
983 3497 1185 3576 ‘amysterium
1210 3506 1342 3566 servaret,
1367 3500 1523 3570 etgratiam
1541 3500 1700 3556 seminaret.
1728 3499 1775 3556 Sic

134 3586 215 3641 viam
230 3587 390 3658 quae'ducit
400 3589 434 3644 ad
455 3588 539 3642 vitam
559 3587 692 3644 ascendit.
717 3587 751 3642 Et
766 3589 830 3659 quia
850 3589 933 3644 devo·
982 3587 1057 3643 enirn
1072 3597 1193 3657 venerat,
1217 3599 1247 3644 ut
1272 3605 1321 3660 per
1344 3585 1453 3646 tuoaeos
1468 3590 1598 3646 transiret
1612 3589 1647 3645 ad
1668 3589 1772 3660 gentes.

132 3678 215 3734 tione
228 3679 292 3734 fidei
316 3680 509 3736 adridendum
535 3680 715 3746 Salvatorcm,
741 3682 815 3752 quod
833 3691 932 3740 natura
987 3699 996 3733 r
1012 3680 1045 3736 Et
1063 3691 1125 3737 cum
1137 3682 1257 3738 venisset
1270 3683 1303 3738 ad
1325 3683 1429 3750 locum,
1444 3682 1600 3754 suspiciens
1612 3681 1694 3738 lesus
1705 3671 1775 3738 vidit

133 3769 234 3826 tatinus
248 3771 377 3839 habebat,
396 3787 514 3828 ascensu
525 3773 632 3843 supplet
644 3772 761 3828 arboris.
769 3771 845 3828 laste
859 3774 933 3844 «pund
983 3771 1071 3826 iilum.
1089 3791 1098 3824 s
1125 3771 1186 3827 lam
1202 3774 1276 3828 enim
1294 3775 1462 3830 sublimitate
1484 3775 1547 3830 fidei
1569 3775 1640 3830 inter
1666 3775 1774 3830 fructus

132 3876 239 3934 rogare
250 3877 305 3917 non
318 3864 437 3919 audebat
455 3863 603 3919 Dominicae
626 3863 808 3934 susceptionis
821 3865 932 3921 benedi-
983 3878 1119 3917 rtovorum
1131 3878 1245 3933 operum
1254 3863 1328 3919 velut
1339 3865 1368 3918 ia
1390 3863 1505 3920 iecurtda
1517 3935 1519 3942 Α
1530 3864 1674 3920 altitudine
1690 3867 1774 3921 arbo-

132 3955 262 4010 ctioncm
278 3956 378 4027 accipit
392 3972 474 4026 quam
485 3957 666 4012 desiderabat.
683 3955 752 4024 Quia
763 3959 843 4013 etiarn
853 3959 932 4012 turba
983 3955 1022 4008 ris
1049 3953 1196 4008 eminebat.
1217 3953 1270 4008 Per
1284 3969 1426 4023 praecones
1448 3963 1539 4008 autem
1566 3955 1642 4010 verbi
1661 3955 1720 4022 sui,
1745 3954 1775 4010 in

134 4045 277 4117 imperitae
298 4047 427 4104 conlusio
446 4049 630 4104 multitudinis
653 4057 696 4104 est
715 4065 777 4119 quae
801 4050 931 4105 verticem
983 4045 1083 4116 quibus
1096 4044 1259 4112 eratlcsus,
1275 4045 1488 4116 etloquebatnr,
1509 4045 1583 4100 venit
1596 4046 1630 4100 ad
1640 4045 1775 4116 populum

135 4137 511 4208 sapientiaeviderenequit‚
526 4139 625 4193 merito
641 4154 696 4193 non
723 4139 750 4193 in
770 4141 860 4207 turba,
883 4140 932 4196 sed
982 4138 1138 4203 nationum,
1156 4137 1221 4208 quia
1244 4137 1383 4208 passionis
1405 4137 1466 4208 ejus
1487 4136 1540 4192 tide
1564 4137 1621 4207 iam
1647 4137 1774 4193 sublimis

132 4231 250 4301 plebem
264 4238 453 4301 transgressus
468 4231 594 4298 insciam,-
617 4247 700 4302 quam
714 4231 932 4287 benedictionem
983 4232 1065 4287 etiam
1081 4231 1253 4286 divinitatem
1264 4229 1325 4301 ejus
1339 4246 1489 4302 agnoscere
1504 4229 1593 4286 ardet.
1615 4229 1774 4300 Suspiciens

134 4325 281 4380 desiderat
313 4325 422 4396 accipit.
458 4323 590 4380 Zacbaeus
621 4333 712 4380 autem
738 4326 932 4395 iuterpretatur
983 4323 1603 4394 videt,quiaperiidcmuterreniselevatum
1624 4323 1703 4394 erigit
1719 4323 1774 4377 cri·

128 4415 317 4486 justificatus,
341 4429 368 4472 et
382 4417 518 4488 significat
530 4418 673 4488 credentes
695 4433 729 4471 ex
743 4418 868 4487 genitibus
883 4431 932 4487 per
946 4446 970 4501 D
983 4421 1090 4484 gentem
1105 4429 1145 4477 sc,
1164 4423 1191 4468 et
1202 4423 1277 4468 amat
1287 4422 1425 4468 amantem
1437 4427 1476 4468 sc.
1733 4421 1736 4426 '

135 4507 352 4576 occupationem
368 4506 560 4577 temporalium
583 4507 728 4577 depressos
744 4522 776 4561 ac
789 4505 929 4574 minimos,
1018 4503 1079 4560 alit
1093 4504 1162 4561 divit
1173 4506 1206 4560 ad
1218 4521 1282 4561 enm
1300 4523 1307 4560 :
1326 4503 1456 4572 Zacbaee,
1477 4501 1611 4560 testinans
1628 4503 1772 4570 descende,

136 4597 192 4651 sed
208 4612 225 4652 a
242 4596 359 4652 Domino
369 4587 572 4654 santetiilcatos.¹
581 4597 738 4669 ingressum
750 4596 859 4652 Jericbo
871 4595 931 4653 Sai—
982 4597 1046 4669 quia
1059 4598 1140 4653 bodie
1151 4595 1273 4654 iri-domo
1285 4607 1329 4652 tua
1341 4609 1498 4668 oportetme
1516 4612 1637 4652 manere.
1654 4595 1683 4651 lit
1696 4595 1769 4652 iesti-

133 4698 266 4744 vatorem
278 4699 413 4759 quarunt,
437 4691 502 4745 dum
521 4691 616 4762 gratiae
630 4690 693 4745 iidci
707 4708 788 4761 quam
806 4690 931 4747 Salvator
982 4691 1212 4757 nansdcscendit,
1224 4699 1251 4746 et
1264 4690 1371 4760 excepit
1383 4691 1459 4744 illum
1473 4689 1624 4761 gaudens.»
1641 4687 1774 4744 invitatus

136 4779 236 4834 attulit
250 4773 413 4851 participare
427 4783 551 4851 cupiunt,
577 4781 624 4837 scd
640 4782 720 4837 turba
746 4782 833 4836 noxia
848 4783 931 4837 vitio·
982 4781 1090 4847 invitat,
1111 4781 1176 4850 quia
1192 4781 1215 4836 si
1234 4781 1355 4836 nondum
1380 4780 1503 4836 audierat
1514 4796 1608 4836 vocem
1622 4762 1772 4848 invitantis,

134 4869 207 4923 rum
222 4871 427 4927 consuetudinis
442 4871 542 4927 tardat.
559 4871 653 4940 ltaque
663 4888 774 4928 necesse
785 4882 826 4929 est
839 4882 868 4928 ut
877 4890 930 4944 pu·
982 4873 1107 4928 audierat
1121 4872 1258 4928 affectum.
1272 4872 1367 4942 ltaque
1382 4872 1464 4927 bodie
1476 4872 1504 4927 in
1514 4873 1597 4927 domo
1612 4863 1702 4944 pusilii
1720 4856 1773 4928 zi·-

135 4959 226 5017 sillus
237 4962 323 5018 torbae
337 4961 511 5018 obstaculum
526 4963 711 5030 transcendat,
725 4973 832 5019 terrena
847 4966 931 5020 relin-
982 4963 1050 5019 cltaei
1066 4973 1173 5033 oportet
1185 4964 1260 5019 illum
1273 4979 1395 5032 manere,
1409 4964 1435 5020 id
1458 4973 1500 5020 cst
1511 4979 1582 5020 nova
1597 4965 1666 5022 lucis
1687 4965 1773 5036 gratia

135 5052 223 5123 quat,
238 5054 364 5109 arborem
385 5055 477 5111 certeis
499 5057 639 5111 ascendat.
668 5054 835 5132 Sycontloros
862 5057 931 5114 sicus
982 5064 1173 5112 coruscantem
1192 5057 1220 5110 in
1239 5056 1334 5112 bamili
1350 5057 1519 5114 credentium
1534 5059 1678 5115 nationum
1692 5044 1774 5116 corde

135 5141 344 5216 fatualdicitum
360 5147 442 5200 arbor
455 5147 529 5202 iuliis
547 5163 625 5201 moro
637 5139 750 5214 similis,
779 5149 825 5203 scd
839 5149 932 5207 altitu·
982 5152 1134 5222 quiescere.
1149 5150 1227 5217 Quod
1242 5159 1333 5206 autem
1347 5152 1381 5206 de
1400 5165 1544 5223 sycomoro
1555 5152 1731 5228 descendere,
1746 5147 1774 5206 'et

136 5235 210 5291 dinc
221 5239 365 5306 praestans.
378 5237 455 5294 Unde
470 5250 497 5293 et
511 5255 526 5294 a
542 5237 647 5295 Latinis
662 5241 734 5294 celsa
747 5251 929 5312 nuncupatur.
982 5243 1022 5298 sic
1037 5242 1064 5297 in
1076 5242 1158 5297 domo
1171 5243 1340 5297 mansionem
1355 5243 1469 5299 Christo
1481 5259 1579 5313 parare
1590 5227 1774 5314 internatae

136 5317 180 5382 Et
193 5317 334 5383 [lominica
349 5346 418 5386 etun
431 5331 573 5387 credentes
594 5333 643 5385 alit
655 5339 685 5384 ut
698 5331 775 5397 licus,
794 5333 829 5387 ab
842 5333 932 5391 incre·
981 5334 1320 5407 estquooaitapostotns:
1334 5357 1342 5388 v
1356 5334 1389 5390 Et
1402 5338 1425 5393 si
1434 5338 1612 5408 cognovimus
1622 5333 1772 5412 secundum

136 5413 219 5476 dulia
231 5420 399 5500 irrideturut
414 5421 498 5478 iattta.
511 5441 520 5474 t
535 5421 591 5478 Nos
605 5423 705 5487 enim»
717 5423 931 5494 inquitbposto·
983 5445 1093 5486 carnem
1117 5428 1269 5496 Christum,
1285 5429 1333 5484 scd
1351 5429 1410 5500 jam
1431 5445 1485 5485 non
1506 5427 1636 5498 novimus
1648 5425 1699 5500 (ll
1709 5425 1772 5483 dora

135 5513 199 5581 ius,
212 5532 222 5566 v
235 5513 567 5584 praedicantnstristum
577 5515 748 5580 crucifixum,
760 5513 931 5587 Jttdreisqoi·
981 5522 1038 5592 vi.»
1053 5549 1089 5561 -
1105 5538 1114 5571 t
1130 5519 1163 5575 Et
1179 5521 1286 5576 sienim
1300 5531 1425 5578 ntortuus
1438 5531 1480 5576 εει
1489 5536 1521 5575 er
1534 5519 1693 5580 infirmitate
1712 5515 1773 5596 car*

136 5597 205 5661 dem
223 5593 397 5669 scandalum,
412 5605 538 5674 gentibus
561 5616 651 5661 autem
677 5605 838 5672 stultitiam,
865 5608 932 5678 ipsis
983 5615 1036 5681 nis,
1053 5611 1100 5667 sed
1114 5611 1170 5682 jam
1187 5611 1252 5666 vivit
1267 5628 1300 5666 ex
1313 5613 1411 5666 virtute
1429 5609 1475 5666 Dei
1490 5608 1535 5680 (ll
1550 5609 1612 5665 Cor.
1624 5613 1716 5681 artri.»
1752 5601 1756 5612 “

134 5706 208 5757 vero
230 5697 340 5754 uocatis
352 5694 453 5752 tauers
471 5707 553 5769 atone
570 5699 694 5772 gentibus
722 5695 863 5756 Christum
883 5701 931 5758 tter
1051 5703 1083 5759 bt
1098 5717 1159 5759 cum
1175 5702 1297 5760 viderent
1312 5717 1407 5760 omnes
1422 5701 1631 5760 murmurabant
1652 5685 1773 5758 dicentes

159 5789 200 5794 ”
301 5789 441 5853 tamon.
464 5791 582 5852 ctt'tt.
821 5803 827 5810 ·
1039 5813 1043 5826 ·
1577 5788 1635 5857 ‘ab
1747 5785 1751 5800 '
