4017 6342
297 356 354 411 879
846 348 1009 406 wsttttttnt
1026 348 1173 405 astans
1193 350 1228 415 S.
1241 350 1351 407 otastt
1870 354 1908 412 ild

301 470 409 538 ejicere,
424 460 518 539 procul
539 465 622 522 dubio
647 464 768 535 persenit
782 464 808 517 in
828 480 879 520 ros
905 480 1018 537 regnam
1032 462 1091 531 Dei,
1107 477 1130 534 Α
1144 466 1304 537 gnitionem,
1316 482 1375 521 eam
1390 465 1605 535 deprehendens,
1618 473 1713 535 postea
1723 464 1800 537 ligat,
1815 466 1846 521 ab
1857 482 1907 539 ope·

300 576 355 630 quo
368 559 535 615 subvertitur
558 572 672 627 regnum
688 557 801 623 diaboli,
824 572 886 612 cum
910 572 966 628 quo
983 567 1012 613 ct
1038 572 1087 614 ros
1139 570 1169 611 re
1181 556 1325 621 cohibens,
1337 556 1434 611 deinde
1447 556 1573 628 flagellat,
1601 556 1665 627 quia
1689 571 1792 626 prasus
1816 558 1909 619 edoctus

300 651 499 708 subvertimini.
525 649 648 721 llegmrm
672 648 720 704 Dei
738 658 781 705 εει
796 658 984 722 potestasque
999 649 1088 706 domi·
1137 648 1218 717 quasi
1232 646 1307 703 duris
1318 648 1481 718 qrribusdam
1496 648 1607 719 tlagellis
1624 648 1747 715 caeditur,
1762 650 1909 722 quandoper

299 752 402 797 uantur
422 741 498 811 impii
521 749 577 795 eta
594 740 721 795 tidelibus
743 750 933 797 secernuntur.
962 740 1011 797 l'el
1025 742 1085 796 ita:

299 832 422 903 llcgnum
452 832 500 887 liei
523 833 566 888 rel
590 833 710 903 seipsum
734 832 880 904 signillcat,
894 834 928 890 de
946 850 1002 905 quo
1021 835 1088 889 alibi

300 926 387 981 dicit:
409 924 555 997 «Regnum
572 925 619 981 bei
640 926 711 981 intra
724 942 775 983 ros
796 935 839 983 est
853 925 930 999 (lac.
954 932 1023 999 surr)
1045 946 1052 995 ;
1075 948 1084 981 r

297 1026 325 1074 et
344 1037 354 1070 ι
371 1017 478 1073 lledius
491 1028 545 1073 stat
559 1019 630 1074 inter
652 1036 701 1075 ros
712 1035 793 1090 quem
806 1036 855 1076 ros
866 1022 979 1076 nescitis
990 1020 1083 1091 (loon.

298 1111 329 1183 ι).
346 1130 356 1164 s
371 1110 419 1167 Vel
439 1127 552 1181 regnum
571 1110 718 1182 Scriptura
734 1113 854 1169 ablatum
870 1112 972 1170 ludaeis
989 1123 1016 1169 ει
1030 1123 1087 1169 tra-

297 1204 384 1261 ditum
404 1206 498 1271 nobis,
523 1206 566 1259 vel
589 1220 702 1275 regnum
724 1206 857 1261 caelorum
885 1208 966 1277 qnasi
991 1206 1086 1263 dicat:

296 1295 328 1352 Si
352 1298 379 1350 in
398 1296 495 1366 spiritu
521 1295 569 1352 Dei
584 1298 664 1368 ejicio
687 1297 831 1364 daemonia,
847 1300 907 1355 sine
919 1298 1003 1354 dubio
1018 1300 1088 1355 scia-

301 1386 337 1441 tis
359 1387 463 1442 aditum
491 1385 566 1457 regui
580 1388 699 1443 caelestis
719 1388 883 1459 patefactum
903 1390 1086 1445 credentibus.

301 1477 410 1550 Digitus
434 1479 482 1535 Dei
496 1486 538 1535 est
553 1495 633 1550 quem
648 1480 766 1537 confessi
781 1491 846 1537 sunt
865 1482 945 1555 llagi,
961 1483 1009 1554 qui
1021 1499 1088 1539 cotr-

298 1581 341 1627 tra
377 1572 529 1645 lloysenet
559 1574 650 1629 Aaron
688 1575 764 1647 signa
790 1574 924 1632 iaciebant
934 1578 1085 1634 dicentes;

302 1684 312 1719 ι
335 1666 440 1733 Digitus
464 1665 511 1721 Dei
530 1674 571 1722 εει
591 1666 751 1737 ἱειειΕεοιι.
765 1669 836 1737 snt),
855 1686 935 1739 »quo
947 1680 975 1726 ει
989 1670 1088 1726 tabule

301 1758 415 1829 lapideae
441 1758 549 1828 scriptae
572 1768 638 1815 sunt
655 1759 682 1814 in
708 1769 801 1815 monte
831 1758 908 1816 Sina.
932 1760 990 1832 lpse
1013 1764 1084 1817 enim

1140 740 1261 796 studium
1273 740 1424 812 disciplinae
1437 742 1471 795 ab
1496 742 1619 811 eoquod
1638 742 1740 811 appetit
1764 742 1906 803 rclreaatur.

1137 831 1292 887 Novissime
1305 831 1384 901 guasi
1401 831 1531 887 membris
1542 834 1570 887 in
1586 848 1696 887 crucem
1708 832 1828 887 extensis
1845 835 1907 889 etdi-

1138 922 1231 978 uisisa
1244 938 1274 977 sc
1287 921 1373 978 clavis
1389 923 1545 993 conligitur,
1562 923 1673 993 qrrartdo
1687 922 1784 977 divisis
1803 939 1817 977 a
1840 940 1863 979 se
1875 928 1906 980 ri·

1138 1015 1184 1070 tiis
1197 1016 1295 1070 timore
1310 1012 1357 1069 bei
1384 1016 1493 1071 animus
1511 1025 1679 1085 penetratur.
1710 1018 1822 1082 Quando
1842 1019 1905 1075 simul

1139 1111 1203 1160 saint
1216 1105 1292 1170 vitia,
1309 1104 1423 1160 fortiora
1446 1114 1520 1171 sunt,
1545 1122 1605 1175 quae
1619 1106 1654 1160 ab
1667 1107 1799 1162 alterutro
1813 1124 1839 1162 se
1859 1125 1905 1164 mu-

1139 1196 1229 1261 niunt,
1254 1206 1283 1250 ut
1308 1196 1369 1267 gula
1394 1195 1542 1261 luxuriam,
1566 1211 1665 1266 pompa
1690 1196 1848 1267 superbiam,
1863 1210 1902 1257 etc.

1138 1286 1233 1343 Diride
1248 1288 1292 1342 illa
1306 1298 1332 1343 et
1346 1288 1380 1342 ab
1396 1289 1511 1343 inuicem
1529 1290 1666 1361 disjunge,
1681 1299 1708 1345 et
1723 1291 1863 1363 siccondge
1878 1294 1902 1348 d·

1139 1398 1215 1439 more
1226 1382 1273 1439 Dei
1289 1400 1386 1440 carnes
1398 1399 1468 1453 tuas,
1482 1398 1508 1441 et
1516 1387 1619 1441 malitia
1635 1388 1661 1441 in
1675 1394 1700 1441 tc
1712 1388 1903 1447 morimunden

1139 1486 1231 1531 autem
1244 1476 1381 1533 mirerissi
1394 1480 1525 1549 sapientia
1534 1480 1644 1533 malitiae
1658 1478 1725 1535 lacit
1737 1482 1806 1551 quod
1819 1484 1903 1539 arnali-

1139 1568 1177 1624 tia
1190 1570 1248 1639 ipsa
1262 1568 1339 1641 prius
1353 1572 1493 1626 sustinuit.
1507 1572 1588 1627 Prius
1605 1572 1711 1627 malitia
1727 1574 1852 1630 crucilirit
1869 1594 1904 1635 sa·

1140 1658 1288 1730 pientiam
1304 1668 1399 1731 postea
1415 1662 1548 1732 sapientia
1564 1662 1717 1731 praevalens
1728 1665 1904 1725 crucidrittut·

1139 1750 1237 1805 litium.

296 1852 406 1921 scripsit
420 1852 468 1922 qui
480 1850 623 1907 scribenda
643 1852 763 1907 dictavit.
790 1851 886 1907 Manus
901 1861 928 1907 et
942 1854 1084 1911 brachium
1101 1842 1122 1897 Β
1175 1862 1184 1896 1
1205 1842 1257 1910 Qui
1277 1860 1330 1899 11011
1345 1854 1506 1901 θ81111θο11111
1521 1855 1672 1903 1510011111
1696 1862 1755 1914 me;
1770 1850 1901 1920 1111111101

1137 1945 1286 2007 congregat
1297 1952 1415 2001 mecum,
1429 1938 1542 2009 spargit.
1560 1961 1568 1988 ι
1585 1936 1642 1994 lloc
1660 1951 1902 2009 consequenternon

1137 2029 1171 2083 ad
1185 2028 1339 2095 haereticus,
1352 2030 1399 2085 sed
1411 2030 1445 2085 ad
1456 2030 1597 2085 diabolum
1609 2031 1739 2098 refertur,
1751 2032 1823 2101 cujus
1835 2049 1903 2103 opera

1138 2120 1289 2177 silvatoris
1305 2122 1433 2192 operibus
1447 2123 1601 2192 comparari
1621 2132 1771 2195 nequeunt.
1786 2123 1825 2179 lde
1841 2126 1902 2180 eninr

1136 2215 1210 2284 cupit
1223 2215 1329 2270 animas
1354 2216 1495 2269 hominum
1518 2222 1610 2271 ιειιειε
1628 2217 1752 2287 captiuas
1778 2234 1834 2288 quas
1851 2216 1902 2271 llo-

1137 2307 1228 2361 tninus
1240 2308 1348 2362 liberat.
1363 2305 1410 2363 llle
1422 2309 1505 2363 trabit
1518 2308 1551 2364 ad
1567 2309 1642 2375 vitia,
1665 2308 1791 2363 Dominus
1807 2320 1903 2364 resecat
1981 2340 1982 2391 3

296 1941 346 1998 bei
368 1941 455 1997 Filius
470 1944 595 2012 ejusest,
620 1951 648 1997 et
670 1943 770 2014 digitus
791 1944 852 2015 ejus
876 1942 995 2014 Spiritus
1021 1962 1087 2003 san·

296 2044 370 2091 ctus.
398 2034 451 2102 Qui
466 2034 568 2106 digitus
587 2035 687 2091 dicitur
707 2046 818 2107 propter
839 2038 1013 2107 partitionem
1038 2040 1087 2095 do-

296 2141 395 2185 norum
421 2126 468 2196 qtti
500 2126 528 2181 in
553 2140 586 2181 eo
613 2126 737 2195 dantur,
773 2129 922 2199 unicuique
952 2131 1084 2201 propria,

295 2216 354 2273 sire
365 2216 518 2285 bominum,
533 2216 590 2272 sire
600 2219 768 2290 angelorum.
781 2216 810 2274 ln
822 2220 905 2276 nullis
919 2222 991 2276 enirn
1002 2238 1086 2278 niem·

294 2309 353 2365 bris
375 2318 486 2379 apparet
507 2310 595 2380 magis
621 2312 732 2381 partitio
747 2327 829 2381 quam
860 2313 887 2367 in
906 2312 1008 2385 digitis.
1027 2312 1087 2370 Sic·

295 2409 326 2456 ut
350 2409 440 2456 autem
456 2401 556 2472 digitus
580 2417 642 2457 cum
659 2418 741 2457 marm
764 2403 805 2458 rel
827 2404 955 2471 brachio;
987 2420 1086 2461 manus

294 2510 359 2550 roro
373 2495 414 2548 rel
425 2494 567 2551 brachium
591 2510 653 2550 cum
676 2510 790 2565 corpore
816 2511 900 2550 unum
917 2507 986 2551 sunt
997 2497 1026 2552 in
1041 2514 1087 2553 na·

294 2598 369 2652 tura,
395 2589 432 2643 ita
449 2586 538 2654 Pater,
563 2596 590 2643 et
604 2588 700 2655 Filius,
717 2596 744 2643 et
760 2586 878 2659 Spiritus
893 2599 1015 2655 sanctus,
1029 2600 1085 2646 tres

294 2680 405 2752 quidem
425 2690 490 2735 suut
505 2694 640 2750 personae,
665 2695 718 2734 una
741 2687 832 2733 autem
852 2680 1004 2735 substantia
1019 2680 1087 2735 diri-

294 2770 397 2826 nitatis.
427 2768 509 2841 Digiti
526 2784 590 2824 sero
607 2768 652 2824 Dei
670 2769 809 2839 pluraliter
825 2768 912 2824 sancti
930 2769 1086 2841 intelligun-

293 2871 341 2918 tur
353 2862 500 2933 prophetae,
520 2876 648 2931 perqnos
666 2860 786 2932 Spiritus
810 2869 921 2917 sauctus
934 2862 1018 2917 libros
1044 2862 1084 2917 le-

298 2954 341 3026 gis
357 2967 390 3008 ac
406 2954 602 3024 prophetaram
627 2970 676 3009 sua
689 2954 867 3024 inspiratione
881 2954 1020 3009 describit.
1047 2953 1085 3011 De

293 3044 395 3115 quibus
409 3044 436 3098 in
445 3043 552 3114 psalmo
567 3043 748 3113 scriptumest
758 3062 787 3099 :r
802 3042 996 3101 Videbocoelos
1011 3053 1083 3122 tpos,

1136 2398 1169 2452 ad
1179 2399 1301 2453 sirtutes.
1314 2398 1456 2465 Qirrmrodo
1467 2414 1532 2470 ergo
1542 2400 1714 2455 concordant
1723 2416 1903 2471 quorumopera

1136 2490 1223 2546 divisa
1239 2490 1386 2557 suntloui
1399 2506 1453 2546 non
1469 2492 1583 2562 colligit,
1599 2492 1653 2547 boo
1666 2500 1710 2547 est
1727 2492 1771 2563 qui
1786 2508 1833 2546 ron
1850 2506 1903 2546 eon-

1137 2592 1229 2655 gregat
1241 2600 1306 2640 oves
1325 2601 1402 2640 meas
1417 2600 1537 2653 mecum,
1559 2585 1702 2659 dispergit,
1719 2590 1770 2643 lroe
1786 2596 1823 2641 est
1834 2588 1902 2641 dissi-

1135 2682 1182 2745 pat
1192 2690 1238 2731 eas
1253 2692 1268 2730 a
1284 2684 1355 2731 coetu
1368 2676 1498 2731 bdelium.
1513 2675 1563 2733 llic
1590 2678 1724 2744 insinuat,
1736 2678 1798 2749 quia
1811 2678 1903 2731 nonha-

1136 2768 1203 2823 bens
1217 2768 1347 2838 Spiritum
1361 2779 1496 2835 sanctum,
1509 2770 1620 2839 quinon
1632 2786 1694 2825 cum
1707 2771 1755 2825 illo
1769 2780 1903 2841 congregat,

1135 2862 1273 2931 quomodo
1292 2878 1411 2932 unquam
1434 2864 1485 2919 sub
1498 2864 1558 2933 ejus
1571 2864 1681 2919 nomine
1691 2864 1849 2935 congreget?
1864 2860 1905 2921 die

1136 2952 1249 3007 omnino
1274 2966 1324 3006 nos
1343 2954 1476 3023 compulit
1500 2953 1651 3025 intelligere
1676 2970 1733 3010 non
1759 2956 1819 3010 alibi
1840 2970 1907 3026 posse

1137 3046 1194 3100 lieri
1210 3046 1401 3101 remissionom
1422 3057 1600 3117 peccatorum
1625 3048 1679 3103 nisi
1703 3046 1731 3103 in
1747 3048 1907 3104 Cbristieor·

294 3150 376 3208 opera
391 3136 538 3206 digitorum
553 3144 664 3192 tuorum
686 3134 775 3208 (Psoi.
804 3137 875 3208 vrri).
895 3155 905 3188 s
929 3135 981 3192 Per
998 3138 1084 3193 coelos
1135 3138 1293 3207 gregatione
1310 3153 1371 3209 quae
1383 3153 1437 3193 non
1451 3138 1563 3208 spargit.

291 3228 367 3283 enim
378 3228 461 3282 libros
474 3228 540 3297 legis
555 3244 588 3282 ae
609 3228 813 3299 prophetarum,
839 3242 887 3299 per
906 3228 1006 3298 digitos
1019 3243 1084 3283 rero
1174 3248 1184 3282 r
1201 3229 1269 3285 Cum
1285 3229 1442 3285 immundus
1453 3230 1567 3301 spiritus
1577 3230 1675 3286 exierit
1688 3232 1723 3286 ab
1734 3232 1845 3297 bomine,
1854 3246 1906 3285 am·

294 3326 416 3384 sanctos,
441 3324 472 3371 nt
498 3318 602 3373 dictum
630 3325 681 3386 est,
711 3317 858 3390 propbetas
882 3318 996 3389 mystice
1013 3318 1083 3374 insi·
1134 3321 1908 3395 bulatperlocaaridaqurereasrequicm,etnoninrenit.s

294 3412 399 3469 nuatit.
1134 3411 1253 3469 Possunt
1275 3414 1333 3469 baec
1347 3430 1401 3469 nou
1418 3416 1642 3473 inconvenienter
1655 3418 1739 3488 accipi
1758 3418 1911 3487 dequolibet

333 3506 548 3578 rdutguomodo
560 3514 651 3577 potest
663 3506 808 3578 quisquam
821 3507 924 3571 intrare
934 3507 960 3561 in
971 3506 1083 3561 domurn
1135 3506 1262 3562 baeretico
1273 3506 1314 3562 vel
1330 3508 1517 3573 schismatico,
1531 3509 1573 3563 rel
1585 3510 1668 3564 etiam
1683 3511 1750 3565 malo
1765 3508 1909 3564 Catltolico.

296 3599 387 3665 sortis,
401 3607 428 3654 et
441 3598 734 3669 rasaejusdiriperein
748 3598 1020 3670 quibuscorrlidebat‚
1031 3598 1083 3655 nisi
1135 3596 1173 3654 ue
1185 3614 1240 3669 quo
1254 3614 1317 3655 cnm
1334 3610 1456 3670 tempore
1479 3600 1652 3671 baptismatis
1677 3603 1785 3673 spiritus
1803 3603 1912 3657 irnmun·

292 3693 370 3762 prius
384 3692 534 3761 alligaverit
553 3690 662 3756 lortem,
678 3700 706 3745 et
724 3700 790 3746 tune
801 3692 911 3747 demum
928 3706 994 3745 vasa
1011 3690 1085 3747 illius
1134 3692 1186 3747 dus
1217 3692 1313 3747 exierit
1341 3694 1462 3749 ambulat
1493 3710 1541 3764 per
1563 3696 1623 3751 loca
1650 3696 1796 3766 irraqaosa,
1825 3695 1847 3747 id
1873 3700 1913 3746 est

293 3783 445 3854 diripiatls
460 3780 720 3839 Osmntttuomtnas
732 3782 960 3854 permanilestam
971 3784 1085 3853 parabo
1134 3783 1232 3839 circuit
1258 3784 1339 3838 corda
1360 3782 1480 3839 bdelium
1501 3796 1650 3856 expurgata
1672 3802 1688 3840 a
1712 3786 1821 3840 mrsllitie
1835 3786 1907 3839 lure

293 3878 359 3943 lant,
374 3876 698 3947 ‹pariarirtutedirinitatis
713 3876 838 3931 homines
851 3874 1084 3932 adaemoniolibe·
1133 3874 1318 3944 cogitationis.
1334 3873 1465 3945 llcquiem
1481 3878 1621 3946 quaeritet
1640 3892 1695 3931 non
1716 3878 1834 3941 invertit,
1850 3878 1912 3945 quia

293 3976 401 4022 rantur.
417 3966 555 4023 Fortisest
565 3967 701 4034 diabolus,
716 3968 816 4023 domus
828 3968 902 4023 illius
915 3967 1045 4034 mundus,
1055 3968 1082 4022 in
1133 3974 1224 4022 castas
1237 3976 1340 4021 mentes
1356 3968 1508 4023 intrabitare
1521 3982 1577 4023 aron
1596 3978 1704 4039 potest,
1720 3984 1770 4023 nec
1784 3969 1913 4039 quiescere

293 4059 415 4131 maligno
425 4060 565 4132 positusia
579 4060 769 4132 quousquead
777 4059 923 4117 adrentum
932 4060 1083 4117 Salvaturis
1134 4056 1186 4111 nisi
1202 4057 1229 4112 in
1244 4070 1328 4127 praru
1339 4058 1431 4113 eorde.
1450 4054 1528 4113 Unde
1540 4056 1674 4113 bantinus
1693 4056 1727 4113 de
1744 4059 1790 4112 illo
1810 4056 1912 4126 inptit:
1981 4046 1982 4119 l

291 4154 373 4224 qtrasi
387 4162 484 4223 pacato
506 4154 620 4224 imperio
639 4154 699 4209 siae
724 4154 941 4209 contradictione
956 4155 1082 4225 quiesce·
1134 4168 1146 4202 r
1165 4148 1222 4203 Sub
1234 4151 1330 4205 umbra
1344 4151 1454 4214 dormit,
1469 4150 1496 4204 in
1511 4161 1617 4205 secreto
1631 4150 1733 4205 calami
1749 4159 1777 4205 et
1790 4150 1849 4204 locis
1864 4148 1914 4201 bu·

295 4246 352 4302 bat.
369 4244 447 4301 Unde
462 4244 615 4300 Marinus:
632 4262 641 4296 ι
659 4242 740 4299 Venit
752 4245 881 4316 princeps
893 4246 986 4300 arandi
1000 4244 1082 4315 hujus
1134 4242 1270 4297 mentibus
1284 4240 1345 4312 (tort
1359 4243 1417 4311 ss).
1437 4261 1446 4293 r
1461 4240 1489 4295 ln
1503 4241 1600 4295 umbra
1625 4241 1750 4297 insinuat
1767 4241 1916 4297 tenebrosas
1981 4224 1982 4285 l

293 4335 418 4391 etittme
442 4334 942 4406 nonhabetquidguam(locans).
962 4335 1081 4392 slltite·
1132 4336 1327 4403 corrscieutias;
1346 4336 1372 4390 in
1400 4336 1506 4391 calamo
1527 4334 1574 4406 qui
1605 4334 1672 4392 loris
1692 4337 1870 4399 estnitidus,
1891 4343 1917 4385 es
1981 4340 1982 4393 ι

293 4444 355 4483 rum
373 4448 379 4483 ε
395 4446 405 4481 ι
422 4426 501 4483 Nunc
514 4424 643 4498 prinecps
658 4426 741 4499 bujus
755 4428 850 4482 mundi
864 4428 989 4499 ejicietur
1007 4428 1081 4484 loras
1133 4428 1207 4483 intus
1222 4444 1326 4483 vacuus
1339 4436 1390 4490 εει,
1406 4437 1512 4483 ιιιειιιεε
1534 4428 1733 4495 simulatrices,
1754 4429 1780 4482 in
1793 4427 1857 4482 loeis
1871 4426 1920 4479 bu·

294 4520 460 4592 (loomxn).
479 4538 488 4570 s
506 4517 615 4573 Fortior
632 4519 680 4573 illo
706 4518 758 4574 luit
787 4520 845 4589 ipse
874 4518 1007 4574 [lominus
1032 4519 1269 4591 qninmentihus
1280 4521 1395 4577 lascivas
1412 4532 1439 4577 ει
1452 4522 1559 4579 molles.
1574 4520 1652 4577 Tunc
1665 4521 1921 4578 dicit:‹llercrtar

294 4628 370 4667 arma
384 4614 445 4681 ejus
466 4612 590 4679 abstulit,
603 4612 631 4666 id
652 4620 695 4667 est
712 4612 828 4667 astutias
842 4612 957 4667 ctdolos
981 4612 1081 4683 nequi-

293 4705 339 4759 tiae
349 4702 490 4774 spiritalis.
507 4702 541 4759 Et
563 4704 603 4759 sic
619 4702 763 4758 adimendo
788 4712 980 4773 potestatema
1002 4704 1083 4758 sedu-

295 4795 386 4851 ctione
398 4795 546 4850 eleetorum
558 4810 730 4865 compescere
739 4795 837 4866 coegit,
853 4796 925 4865 quod
947 4793 999 4850 luit
1022 4794 1083 4849 alli-

298 4902 364 4957 gare
376 4886 486 4942 sortem.
512 4886 606 4958 Spolia
623 4902 671 4943 seu
687 4902 752 4943 rasa
781 4896 847 4942 sunt
861 4888 985 4943 bomines
998 4888 1034 4941 ab
1049 4902 1083 4943 eu

294 4979 410 5049 decepti,
424 4995 485 5049 quae
497 4981 585 5035 victor
596 4978 723 5035 Christus
735 4979 886 5034 distribuit.
899 4978 977 5045 Qrtod
987 4988 1030 5034 est
1040 4978 1082 5033 in-

295 5070 373 5141 signe
386 5071 588 5141 triumpbantis,
606 5072 671 5142 quia
684 5074 822 5141 captiuam
837 5071 942 5126 ducens
965 5070 1082 5140 captivi-

295 5170 378 5216 satem
391 5162 466 5218 dedit
475 5164 547 5218 dona
568 5163 725 5218 bominibus
748 5160 921 5232 (Ephesis),
947 5162 1081 5233 quosdam

295 5256 446 5325 apostolos,
461 5256 530 5311 alios
543 5256 736 5328 evangelistas,
752 5254 804 5309 bos
828 5255 987 5325 propbetas,
1012 5254 1082 5309 alios

295 5355 419 5417 pastores
432 5348 565 5403 ordinans
582 5356 610 5401 et
626 5348 762 5402 doctores.
780 5344 870 5402 Fortis
885 5360 951 5419 ergo
967 5348 1080 5403 domurn

293 5438 480 5510 luitdiripere,
492 5450 601 5510 ereptos
614 5456 630 5495 a
644 5438 754 5496 diabolo
772 5439 901 5496 Ecclesiae
912 5440 1044 5505 adunare,
1055 5448 1082 5495 et

288 5532 628 5602 perdistinctasgraduum
639 5533 784 5604 dignitates
795 5547 963 5604 promovere.
972 5532 1081 5587 Atrium

1133 4702 1340 4767 conscientiam,
1370 4702 1442 4758 unde
1463 4704 1489 4757 in
1517 4704 1653 4773 baptismo
1672 4704 1779 4774 ejectus
1801 4702 1922 4765 lucram,

1132 4885 1286 4955 subjiciam.

1171 4976 1218 5031 «Et
1229 4978 1341 5033 seruiens
1352 4976 1456 5031 invenit
1466 4979 1709 5049 vacantemseopis
1725 4978 1887 5034 mundatam
1902 4984 1929 5029 et

1132 5080 1269 5125 ornatam.
1290 5068 1475 5136 siccantem,
1498 5070 1602 5125 scilicet
1621 5072 1735 5127 abonis
1756 5071 1865 5127 actibus
1880 5086 1931 5141 per

1132 5162 1323 5233 negligentiam
1338 5204 1345 5227 ,
1367 5162 1554 5217 mundatama
1569 5162 1643 5217 vitiis
1670 5164 1796 5233 pristinis
1808 5178 1862 5233 per
1881 5164 1932 5215 ba-

1132 5255 1225 5325 ptismi
1250 5254 1378 5326 gratiam,
1407 5264 1531 5310 ornatam
1557 5256 1694 5310 simulatis
1707 5256 1862 5309 uirtutibus
1884 5269 1934 5324 per

1133 5348 1308 5419 hypocrisim.

1171 5459 1179 5491 ι
1197 5438 1274 5496 'lunc
1288 5440 1362 5495 radit
1373 5448 1401 5495 ει
1412 5440 1528 5496 assumit
1540 5450 1643 5510 septem
1659 5440 1730 5496 alios
1743 5440 1865 5513 spiritus
1890 5454 1937 5493 ne-

1132 5532 1244 5603 quiores
1256 5548 1296 5595 se,
1308 5542 1335 5588 et
1349 5532 1482 5588 intrantes
1499 5532 1623 5589 babitant
1639 5532 1688 5587 ibi.
1705 5553 1715 5585 r
1741 5533 1792 5587 Per
1817 5544 1937 5603 septem

300 5624 374 5690 guod
390 5623 469 5682 tortis
484 5636 606 5683 armatus
620 5628 748 5694 custodit,
760 5636 803 5682 εει
819 5624 974 5692 cor;lortis
989 5640 1080 5679 arma·
1132 5624 1243 5695 spiritus
1258 5624 1384 5681 universa
1400 5626 1466 5680 vitia
1479 5624 1603 5695 designat
1621 5640 1684 5695 quae
1706 5626 1803 5681 merito
1828 5626 1940 5682 dicun-

287 5724 341 5774 tus
353 5717 457 5773 malitia
469 5734 477 5784 ;
493 5716 590 5773 tortior
602 5718 807 5789 superveniens,
827 5718 959 5788 sapientia
971 5734 979 5784 ;
992 5732 1079 5785 arma,
1133 5722 1175 5769 tur
1188 5717 1318 5787 nequiora
1333 5716 1441 5773 diabolo
1453 5718 1655 5787 comparatione
1670 5718 1769 5783 prioris
1781 5718 1940 5775 inhabita-

291 5808 428 5865 saeutbrs.
445 5807 588 5879 Sapientia
596 5809 719 5880 primum
733 5808 868 5867 malitiam
884 5810 960 5881 capit
973 5824 1022 5881 per
1033 5824 1080 5867 co-
1131 5807 1225 5865 tionit.
1244 5808 1313 5866 Cum
1326 5810 1398 5866 enim
1412 5808 1537 5866 diabolus
1553 5810 1641 5867 malus
1660 5813 1696 5867 sit
1719 5822 1743 5869 et
1765 5812 1869 5870 malos
1896 5814 1941 5870 ie-

1134 4612 1161 4665 in
1186 4612 1297 4666 domum
1321 4626 1410 4666 meam
1439 4614 1510 4667 unde
1528 4613 1608 4667 exiri.
1625 4631 1634 4664 r
1653 4612 1826 4667 Revertarad
1847 4611 1922 4665 illius

1132 4804 1160 4849 ct
1185 4794 1327 4864 pristinem
1354 4795 1555 4864 possessionem
1594 4805 1728 4850 consueto
1748 4795 1825 4849 modo
1856 4792 1926 4848 milti
1981 4868 1982 4893 1
