4017 6342
258 326 330 387 lbi·
832 322 997 383 WERNEM
1017 324 1164 383 nsbstts
1181 321 1212 382 S.
1229 324 1341 382 sessu
1822 326 1887 382 ibib
1977 317 1978 382 ι

256 442 326 499 eicis
341 438 477 499 humiliati
493 447 651 511 peccatores
674 450 708 493 cx
724 438 870 511 pentibus:
891 436 1003 495 ueniant
1016 441 1079 497 ets
1095 436 1265 495 lliernsaiena
1289 447 1408 506 amatur,
1421 455 1448 495 ,ιι
1462 454 1517 510 qna
1531 452 1596 496 arcs
1609 424 1770 497 uelamenti
1781 454 1888 499 ιειιειι-

257 534 293 589 de
317 532 429 603 sepibus
455 529 586 585 heretici.
617 526 686 583 Nam
712 528 760 599 qui
773 543 853 599 sepes
870 538 1045 597 construunt,
1096 530 1187 597 batur,
1201 539 1230 585 et
1244 530 1272 584 in
1286 545 1341 601 qon
1357 530 1488 601 templum
1501 539 1570 598 erat,
1594 530 1623 586 in
1637 546 1695 602 quo
1711 530 1748 587 ab
1758 531 1884 589 omnibus

256 624 406 680 divisiones
416 628 554 691 quaeruut.
567 617 748 676 Trabantura
761 620 883 691 sepibus,
896 621 1048 678 evellantur
1098 620 1302 677 lnrnrolsbstor.
1313 620 1402 692 Hujus
1414 622 1510 693 matese
1518 620 1649 678 israelite
1661 623 1811 694 erant,qui
1821 640 1850 680 se
1859 626 1887 684 in

258 733 274 771 a
293 716 389 786 spinis.
404 712 470 783 Coqi
491 712 597 769 nolunt.
613 710 770 781 voluntate,
786 714 924 783 inquiunt,
952 726 1047 771 nostra
1098 714 1268 771 latitudinem
1290 715 1435 771 duodecim
1447 715 1567 771 tribuum
1583 714 1762 770 diffuderant.
1773 712 1888 774 victas-

255 808 400 863 intremus.
428 802 487 858 ilon
514 804 568 861 lroc
589 803 724 859 Dominus
747 804 892 875 imperarit
912 806 960 877 qui
985 806 1046 863 nrt:
1098 816 1153 863 tenu
1169 804 1255 862 iudai
1277 808 1448 874 exstiterant,
1462 807 1510 878 qui
1529 822 1560 863 sc
1578 807 1605 863 ln
1622 806 1761 878 angustiis
1774 806 1885 866 duamur
1977 843 1978 846 =

254 898 393 969 Compelle
408 898 520 953 intrare.
543 895 622 953 Foris
639 896 795 951 inveniatur
814 897 977 964 necessitns;
1006 897 1049 953 in·
1098 898 1219 954 tribuum
1244 898 1477 955 constrinxerant.
1501 897 1650 969 lleplateis
1670 899 1765 969 itaque
1781 900 1885 957 etnicis
1977 897 1978 976 J

255 998 300 1046 tna
319 996 448 1045 nascatur
473 988 609 1043 utrlrrntss.
638 986 731 1058 ltaque
748 988 798 1043 uiae
812 996 839 1044 et
851 1004 929 1059 sepes
945 988 1047 1045 intelli·
1098 990 1238 1060 proplretae
1257 989 1484 1055 introduxerunt,
1498 987 1564 1043 dunt
1586 987 1727 1044 israelites
1739 994 1768 1044 et
1784 986 1886 1047 ludens

254 1090 357 1155 guntur
369 1096 490 1137 erroneus
501 1088 582 1137 secta
592 1086 619 1137 ct
629 1078 757 1135 lraereses.
774 1076 961 1151 Liquetiqitnr
974 1081 1048 1152 quod
1098 1082 1133 1137 de
1146 1095 1240 1137 errore
1254 1081 1365 1153 scriptis
1378 1088 1405 1136 et
1427 1079 1511 1137 dictis
1524 1089 1716 1136 correxerunt.
1741 1078 1775 1135 lli
1789 1097 1885 1153 parrpe
1977 1091 1978 1094 ’

254 1174 301 1231 alii
317 1182 459 1239 uocantur,
474 1180 502 1229 et
525 1172 619 1229 uenire
632 1179 827 1239 corrtenrunnt;
841 1172 887 1228 alii
904 1181 1047 1239 vocantur,
1098 1187 1143 1229 res
1156 1180 1244 1239 erant,
1259 1173 1323 1243 quia
1339 1171 1488 1228 uirtutibus
1499 1172 1641 1228 carebant.
1658 1170 1768 1228 Debiles
1782 1172 1886 1229 exstite

254 1276 282 1324 ct
295 1267 425 1333 ueniunt;
440 1266 486 1321 alii
507 1266 610 1322 intrare
636 1266 848 1336 compelluntur.
864 1263 1004 1321 Vocantur
1022 1273 1049 1321 et
1099 1272 1172 1330 rant,
1194 1264 1258 1335 quia
1271 1264 1346 1320 uitiis
1368 1264 1544 1335 languerant.
1560 1262 1632 1318 Greci
1645 1272 1737 1329 ειειιε,
1751 1264 1814 1334 quis
1826 1280 1885 1320 sen·

254 1358 349 1413 uenire
361 1365 542 1414 contemnunt
555 1357 602 1429 qui
615 1356 717 1415 donum
731 1356 884 1411 intellectus
895 1356 1048 1426 accipiunt;
1099 1372 1160 1412 surn
1171 1357 1239 1427 logis
1251 1372 1307 1413 non
1318 1356 1457 1412 uidebant.
1470 1354 1568 1411 Claudi
1580 1354 1700 1421 irrorent,
1712 1355 1779 1426 quia
1788 1356 1885 1411 cultum

255 1448 304 1505 scd
324 1450 451 1507 eumdem
476 1450 644 1506 intellectum
669 1448 798 1519 operibus
816 1461 871 1502 non
896 1454 1048 1503 sectantur.
1099 1450 1147 1507 liei
1168 1451 1354 1523 relinquentes
1373 1458 1436 1522 post
1457 1448 1530 1505 idola
1550 1449 1766 1505 declinauernnt.
1782 1445 1829 1504 llis
1847 1448 1885 1502 in·

259 1540 401 1599 locantur
412 1552 439 1599 et
450 1542 573 1608 seruiunt,
589 1542 636 1612 qui
662 1548 802 1611 acceptam
818 1537 972 1595 intellectus
987 1553 1051 1609 qra·
1098 1542 1337 1601 leodecensium
1352 1544 1529 1613 loces-namt,
1543 1538 1885 1611 annominasset-rojam
1977 1535 1978 1540 ’

256 1634 1049 1709 tinmoperandoperlloiunt.Compellunturintrnre‚quos
1099 1645 1131 1692 ut
1155 1636 1184 1691 in
1204 1636 1266 1693 vias
1284 1645 1312 1691 ct
1335 1648 1416 1705 sepes
1431 1644 1528 1701 exeat,
1558 1646 1586 1689 ct
1609 1633 1715 1688 intrare
1735 1631 1883 1702 compellat

256 1728 378 1786 Ecclesia
394 1728 577 1799 temporaliter
591 1726 685 1798 punit,
704 1724 768 1796 (puin
787 1724 912 1780 conversi
925 1732 990 1779 sunt
1005 1738 1049 1778 rc·
1101 1726 1204 1783 Servum
1217 1727 1265 1799 qui
1278 1726 1313 1783 de
1324 1727 1376 1782 siis
1388 1734 1416 1783 et
1427 1725 1540 1796 sepibus
1552 1724 1657 1780 intrare
1666 1724 1837 1795 compellitur
1846 1732 1884 1778 est

257 1828 396 1887 trorsum,
422 1832 567 1891 postquam
595 1826 746 1890 posuerunt
773 1830 887 1872 manum
922 1814 957 1871 ad
985 1830 1049 1871 nra·
1064 1796 1087 1851 B
1101 1820 1169 1876 ordo
1191 1819 1378 1891 opusculorum
1399 1817 1495 1889 quide
1517 1816 1601 1872 sectis
1618 1823 1647 1871 et
1660 1815 1760 1871 ritibas
1783 1814 1884 1887 genuli-
1977 1816 1979 1838 ¹

256 1918 340 1965 trutn.
1100 1912 1153 1969 bns
1164 1914 1266 1968 multos
1277 1911 1306 1967 in
1320 1910 1434 1967 domum
1450 1908 1498 1966 bet
1510 1910 1691 1981 collegerunt.
1706 1906 1763 1963 Vise
1776 1922 1885 1978 uanique
1977 1949 1978 1964 .

316 1999 400 2055 ΙΤΕΜ
421 1999 605 2057 Exposuit)
624 1999 780 2057 sibenen
800 1995 994 2055 EVANGELU·
1100 2003 1303 2059 sont-diversos
1318 2011 1399 2058 soctae
1418 1999 1665 2072 philosophorum,
1682 2012 1778 2068 sepes,
1792 1997 1884 2053 diuersi
1977 1991 1978 2000 ’

254 2080 258 2088 ’
296 2093 394 2149 clienti
406 2095 453 2165 qui
465 2093 615 2151 adcoenonr
630 2094 778 2166 nuptialem
790 2094 859 2165 Agni
871 2092 957 2149 evocati
970 2091 1049 2146 sunt!
1100 2093 1171 2149 ritus
1182 2107 1363 2163 paganorum.
1376 2090 1415 2147 lle
1428 2088 1618 2159 biscompnlsi
1636 2086 1884 2153 intraueruntdnrs

259 2185 352 2256 (spor.
370 2185 441 2257 ιιι.)
466 2184 559 2242 llelert
576 2176 763 2257 Euangelium,
789 2183 956 2251 otiosissimi,
976 2183 1051 2254 quud
1101 2194 1206 2258 gentes,
1222 2200 1270 2255 ρει
1288 2185 1367 2256 siqua
1384 2192 1413 2239 ct
1428 2181 1552 2255 prodigia
1575 2181 1767 2252 apostolorum
1781 2180 1885 2236 idolota-

257 2276 369 2348 quidam
394 2292 520 2349 magnam
535 2292 640 2335 coerrum
655 2277 751 2334 iecerit
765 2278 919 2349 multosque
932 2276 1050 2332 uocauit.
1102 2280 1182 2336 triam
1194 2278 1462 2351 respuentea,lleum
1473 2294 1571 2335 rerum
1581 2278 1761 2334 crediderunt
1774 2296 1783 2333 :
1794 2276 1885 2333 Parim

257 2365 366 2424 Paratis
384 2368 512 2425 omnibus
536 2368 612 2425 nrisit
629 2384 739 2425 seruent
766 2384 847 2425 suum
862 2368 991 2423 inritatos
1002 2382 1052 2422 uo·
1100 2373 1201 2429 etenim
1214 2371 1363 2443 proconsul
1377 2371 1539 2442 compulsus
1559 2370 1693 2437 intrarit,
1710 2370 1777 2426 dnm
1795 2368 1884 2424 Paulus

258 2476 332 2517 care.
347 2459 380 2514 lit
400 2468 542 2531 coeperunt
556 2476 652 2517 omnes
670 2476 813 2519 excusare.
832 2459 866 2515 Et
879 2460 950 2516 nlius
964 2474 994 2516 se
1012 2459 1054 2516 di·
1101 2461 1385 2533 apostoluscorameo
1399 2475 1509 2531 inopum
1524 2458 1685 2515 excecavit.
1699 2456 1884 2514 Constantinus
1977 2469 1978 2528 ρ

258 2554 300 2609 xit
321 2552 413 2609 sillam
425 2555 536 2622 emisse,
550 2556 750 2628 aliusquinque
759 2556 823 2629 juga
841 2554 925 2611 boum
942 2568 1053 2624 comps·
1102 2555 1262 2625 compulsos
1274 2552 1397 2620 intrauit,
1408 2553 1474 2608 dnm
1488 2549 1627 2624 Sylsester
1642 2566 1658 2605 a
1674 2550 1751 2621 lepra
1764 2549 1791 2604 in
1808 2547 1884 2619 bapn'-

258 2644 374 2711 rauisse,
391 2645 462 2701 nlius
485 2660 597 2703 teserem
616 2647 739 2716 duxisse,
762 2657 788 2705 et
807 2648 869 2703 ideo
887 2647 980 2701 venire
995 2660 1051 2701 non
1102 2645 1411 2705 smatecurarit.Gente
1422 2646 1521 2718 siqitur
1533 2644 1773 2701 introducteecnu
1783 2641 1885 2698 Domirm

259 2746 351 2803 posse.
368 2732 417 2791 llis
431 2736 532 2791 auditis
546 2736 766 2807 inssitdonrinus
778 2752 887 2795 seruum
907 2737 935 2791 in
949 2736 1054 2807 plateas
1102 2738 1261 2806 coenabunt,
1286 2735 1373 2795 ludaei
1394 2752 1461 2793 uero
1484 2737 1611 2793 nolentes
1640 2738 1748 2791 intrare
1767 2736 1801 2791 de
1817 2748 1885 2791 cona
1977 2799 1978 2804 .

259 2834 288 2881 ct
310 2825 386 2883 uicos
410 2828 496 2895 exire,
525 2846 668 2902 pauperes,
690 2832 803 2900 debiles,
823 2846 920 2901 cecos,
939 2830 1053 2887 claudos
1103 2831 1212 2888 Domirn
1236 2846 1292 2887 non
1314 2829 1476 2903 gustabunt.
1505 2828 1540 2885 Et
1563 2844 1633 2897 uos,
1657 2824 1886 2895 dilectissimi,sd

260 2915 441 2973 introducere.
457 2918 492 2975 iit
505 2936 567 2977 curn
583 2922 674 2979 adbuc
693 2922 771 2981 locus
790 2934 908 2991 uacaret,
924 2922 1054 2995 precepit
1102 2941 1211 2983 coenam
1224 2923 1273 2982 liei
1286 2924 1354 2981 estis
1372 2924 1475 2981 uocati.
1488 2923 1583 2979 Videte
1599 2938 1635 2978 ne
1648 2917 1886 2995 qnolibetneqotio
1977 2933 1978 2982 l

260 3022 340 3064 seruo
351 3016 381 3065 ut
403 3011 437 3067 de
455 3011 507 3070 riis
522 3024 550 3069 ct
569 3014 680 3086 sepibus
697 3016 833 3088 compulsi
849 3018 995 3081 intrarent,
1006 3016 1053 3087 jn·
1103 3016 1240 3090 impliciti,
1252 3032 1287 3074 ue
1301 3016 1451 3087 cujuslibet
1463 3015 1584 3071 amicitia
1599 3016 1736 3087 impediti,
1747 3014 1784 3071 ab
1794 3011 1888 3070 easlfis
1977 3001 1978 3070 Ῑ

259 3114 325 3156 rans
348 3100 423 3172 qood
448 3118 529 3161 ιιειιιο
555 3106 590 3161 de
612 3108 716 3163 vocatis
731 3123 838 3164 coenum
860 3122 937 3165 suam
959 3117 1087 3201 qustu-C
1103 3110 1228 3166 excusati
1255 3128 1262 3164 ε
1293 3122 1345 3165 ιιοε
1362 3109 1465 3165 etenim
1486 3108 1558 3164 serui
1587 3109 1691 3164 summi
1712 3108 1801 3182 petris
1816 3103 1886 3161 tant-
1977 3085 1978 3168 Ῑ

259 3198 302 3246 ret
312 3189 388 3263 (broc.
400 3193 467 3263 xre).
485 3194 573 3252 llomo
589 3198 636 3267 qni
650 3212 756 3254 coenant
772 3212 898 3270 nunqnam
914 3198 1053 3254 instruens
1105 3200 1157 3256 lias
1173 3213 1271 3256 stemus
1286 3199 1322 3254 ab
1342 3200 1376 3254 do
1396 3196 1486 3263 missi,
1496 3212 1548 3253 ros
1568 3196 1603 3253 nd
1618 3197 1717 3268 epulas
1728 3206 1888 3253 esternaco·-

260 3284 364 3341 multns
378 3288 495 3356 uocauit,
507 3297 550 3344 est
563 3287 636 3345 Deus
650 3305 700 3360 pro
711 3290 886 3347 uobislactus
900 3290 993 3357 lrouro,
1004 3290 1053 3361 qni
1103 3290 1207 3348 tietatis
1217 3290 1377 3347 inritamus.
1398 3288 1486 3361 igitur
1512 3289 1547 3345 ad
1563 3289 1675 3359 nuptias
1684 3287 1754 3358 Agrii
1767 3285 1889 3342 iestinme
1977 3335 1978 3366 ,

260 3389 358 3435 omnes
372 3388 467 3450 pentes
482 3381 515 3437 nd
537 3381 632 3453 epulas
649 3384 755 3439 ¹aeterni
782 3383 902 3439 convicii
917 3382 1053 3439 inuitauit.
1105 3398 1202 3439 omncs
1223 3380 1330 3453 ingredi
1349 3390 1498 3453 antequam
1515 3380 1601 3450 jairus
1614 3380 1888 3445 ⁴claudatur,ettnnc

261 3466 313 3526 llic
339 3471 414 3529 misit
440 3488 551 3529 serrum
580 3490 660 3530 snum
694 3474 727 3531 sd
753 3474 910 3531 conuiuium
943 3490 1052 3543 rocnre,
1104 3472 1278 3545 pulsantibus
1288 3479 1316 3528 et
1327 3472 1431 3528 intrare
1441 3470 1668 3529 desiderantibus
1679 3484 1815 3541 nunquan
1828 3484 1890 3539 ape·

261 3560 373 3633 qnando
391 3562 502 3637 Moysen
520 3566 595 3623 misit
607 3582 655 3637 per
677 3568 763 3639 legens
780 3566 909 3639 populum
922 3566 955 3623 ad
970 3568 1053 3623 vitam
1105 3566 1201 3621 riatur.
1211 3560 1489 3621 bicttbontnnsnsi
1497 3562 1596 3618 oculus
1606 3560 1776 3617 tcusdexter
1786 3558 1890 3615 scanda-

263 3662 381 3708 mutare.
398 3656 451 3710 Sed
466 3670 630 3714 omnessea
646 3672 724 3715 crena
743 3667 886 3724 excusent,
898 3660 963 3730 quia
990 3674 1055 3730 pro·
1104 3659 1289 3715 lizattceroc
1309 3663 1424 3723 eum,et
1446 3652 1717 3726 proiiccabste.Et
1734 3653 1888 3725 sipestum
1977 3663 1978 3712 Ὺ

263 3741 434 3801 leotouideri
447 3747 603 3803 conuicium
619 3747 666 3805 Dei
684 3750 760 3807 adire
786 3760 924 3807 recusant.
943 3750 1055 3809 Primus
1104 3750 1273 3808 scandalizat
1286 3757 1323 3815 te,
1334 3748 1445 3805 abscide
1455 3762 1520 3803 enm
1531 3756 1561 3803 et
1576 3746 1683 3818 projice
1694 3746 1746 3803 abs
1758 3754 1792 3801 te.
1801 3742 1887 3800 lidius
1977 3761 1978 3830 q

264 3850 384 3907 namque
397 3836 466 3895 dixit
478 3840 618 3897 seemisse
635 3841 739 3908 uillam,
750 3849 778 3899 et
802 3856 833 3899 se
848 3842 950 3899 iturum
961 3844 1056 3900 ridere
1104 3841 1208 3899 esttibi
1228 3841 1336 3896 tuscum
1349 3838 1393 3895 rel
1403 3838 1532 3906 debilem,
1544 3839 1587 3895 vel
1606 3837 1738 3895 claudum
1762 3834 1796 3891 ad
1812 3834 1889 3889 siun
1977 3837 1979 3898 ,

263 3924 1055 4005 iilamludaicuspopulusqussirillnmemit,dnmter·
1105 3934 1229 4007 ingredi,
1255 3948 1339 4006 quarn
1372 3932 1444 3988 dnos
1474 3931 1591 3998 oculos,
1618 3929 1661 3986 vel
1693 3930 1765 3986 dares
1785 3941 1886 3991 manus,
1977 3982 1979 4004 ÷

263 4032 322 4073 rans
348 4020 569 4089 repromissionis
595 4039 643 4094 per
667 4024 1056 4082 carnalesobseruantiasob·
1105 4035 1154 4083 tut
1181 4026 1252 4083 dnos
1285 4023 1368 4096 podes
1394 4022 1541 4079 habentem
1568 4023 1597 4078 in
1622 4022 1779 4094 gebennam
1811 4018 1886 4083 mitti,
1977 4011 1979 4094 ζ

263 4109 356 4165 tinuit.
366 4110 439 4168 Exiit
451 4113 526 4168 illam
539 4114 641 4184 uidere,
653 4114 719 4172 dum
734 4116 768 4171 de
777 4114 896 4188 AEqypto
912 4115 979 4171 exiit
993 4130 1054 4171 eam
1108 4116 1182 4171 rubi
1204 4115 1274 4187 ignis
1291 4129 1347 4170 non
1357 4113 1553 4183 exstinguitur,
1568 4119 1597 4168 ct
1611 4112 1715 4167 vermis
1730 4125 1824 4166 eorum
1839 4122 1887 4163 non
1977 4115 1978 4134 ¹

263 4202 414 4271 possidere.
431 4201 457 4261 ls
480 4220 591 4277 quoquo
614 4212 736 4279 quinque
755 4208 821 4280 juga
840 4208 917 4274 emit,
931 4208 996 4263 dum
1012 4208 1054 4265 bis
1105 4206 1332 4280 moriturllioro.
1349 4207 1402 4277 rx).
1416 4225 1427 4259 ι
1440 4204 1596 4261 Notandum
1612 4212 1707 4261 ειιῑειιι
1729 4202 1803 4274 quod
1817 4200 1886 4256 trita
1977 4187 1979 4276 l

264 4292 502 4369 quinqucgcmiun
513 4298 758 4371 dilectioncjtrgsta
769 4300 900 4373 percepit,
912 4300 1013 4373 quibus
1026 4314 1055 4357 se
1107 4300 1249 4357 salvatore
1262 4307 1413 4371 ponuntur,
1434 4298 1541 4354 scilicet
1552 4296 1661 4361 oculus,
1675 4311 1787 4361 manus,
1799 4304 1826 4349 et
1842 4306 1885 4363 pc-
1977 4283 1979 4370 i

264 4402 360 4459 agrum
370 4388 562 4446 lloroiuiuelut
572 4392 659 4447 bobus
669 4393 759 4449 colere
769 4394 873 4450 debuit.
884 4392 936 4453 Sed
948 4396 997 4455 ivit
1008 4398 1054 4455 illa
1106 4392 1156 4449 des
1172 4411 1179 4446 :
1196 4408 1245 4463 per
1259 4406 1321 4462 qnae
1334 4388 1459 4446 infelices
1472 4405 1488 4445 n
1499 4388 1627 4445 convivio
1645 4387 1695 4445 bei
1711 4387 1888 4453 rotabuntur,
1977 4378 1979 4394 '

263 4478 390 4548 probare,
406 4478 470 4535 dum
488 4494 521 4536 ea
537 4482 642 4537 studuit
651 4497 700 4552 pro
713 4484 826 4541 terrenis
837 4493 944 4541 tantum
957 4486 1055 4545 obser·
1070 4479 1172 4555 unia
1186 4491 1234 4538 ant
1251 4482 1375 4553 praelati,
1394 4490 1443 4537 ant
1458 4482 1568 4553 cognati
1584 4520 1592 4547 ,
1611 4490 1660 4537 ant
1679 4481 1824 4550 subjectis
1840 4490 1889 4534 cos·

262 4584 339 4629 vare.
349 4570 487 4629 llicetiam
502 4587 616 4630 uxorem
627 4574 715 4643 duxit,
724 4575 788 4647 quia
800 4576 886 4647 legem
901 4578 1004 4633 carnali
1015 4580 1056 4635 in·
1107 4574 1336 4631 nnbonininoa
1353 4573 1495 4629 retardant
1520 4588 1592 4644 ques
1607 4573 1660 4629 ists
1679 4571 1803 4627 membra
1823 4566 1888 4624 desi·

264 4662 638 4737 tellectuconjunuit,etideo
648 4682 677 4723 se
688 4684 702 4723 n
714 4667 894 4725 corruiuiollei
906 4670 1053 4727 subtraxit.
1106 4676 1202 4742 quant.
1218 4664 1322 4723 Ooulm
1332 4666 1380 4737 qui
1401 4681 1454 4722 nos
1468 4664 1547 4721 ducit
1564 4671 1609 4721 cst
1630 4665 1762 4721 sacerdos
1776 4662 1823 4734 qui
1843 4674 1888 4715 nos
1977 4655 1979 4720 i

262 4752 407 4813 Perillam
425 4772 534 4829 quoque
556 4758 605 4830 qui
625 4759 718 4815 uillam
733 4760 800 4817 emit
813 4760 974 4833 intelligitur
987 4763 1056 4821 ordo
1106 4761 1141 4817 de
1168 4758 1288 4815 tenebris
1310 4756 1405 4812 muudi
1418 4756 1452 4812 ad
1471 4754 1750 4826 lucemeitaediriqit.
1768 4753 1821 4821 Qui
1835 4750 1889 4805 idco

263 4846 418 4919 principum
428 4848 597 4920 iudeorum,
616 4852 663 4925 qui
679 4865 781 4909 terram
795 4854 896 4924 populo
911 4854 1014 4924 diuisit,
1028 4865 1057 4911 et
1106 4852 1203 4909 dexter
1216 4849 1314 4905 oculus
1326 4848 1489 4920 appellator,
1518 4846 1584 4918 quie
1604 4860 1657 4903 nos
1674 4846 1710 4902 dc
1733 4841 1889 4910 sinistrisad

263 4938 311 5010 qui
326 4942 498 5011 postmodum
512 4944 679 5003 munitiones
693 4946 821 5003 obtinuit.
833 4944 885 5003 Per
901 4946 977 5003 illum
989 4962 1057 5003 vero
1106 4944 1234 5001 dexteros
1245 4943 1346 4999 ducere
1369 4947 1497 4999 conatur.
1515 4938 1578 5009 ilic,
1601 4939 1625 4995 si
1640 4954 1693 4996 nos
1710 4938 1840 4995 haedos
1850 4934 1891 4989 do·

263 5030 311 5101 qui
331 5032 452 5103 quinque
462 5034 528 5107 iuga
542 5037 712 5107 boumemit,
725 5038 866 5103 subiectus
878 5039 995 5110 populus
1005 5040 1056 5096 de·
1107 5040 1196 5097 ctrinn
1221 5039 1256 5095 dc
1272 5039 1318 5095 ria
1342 5036 1391 5094 bei
1410 5036 1547 5093 abducere
1561 5044 1590 5093 et
1606 5036 1636 5091 in
1650 5050 1773 5093 errorem
1798 5034 1891 5089 nitatur

264 5120 400 5193 signetur,
422 5127 470 5197 qui
487 5128 555 5201 iugo
572 5130 640 5202 lcqis
661 5131 697 5187 ad
719 5130 919 5201 subjectionem
938 5133 1057 5204 strinqe·
1106 5131 1218 5199 ducere,
1233 5138 1281 5187 aut
1298 5144 1384 5201 prono
1403 5129 1529 5200 exemplo
1542 5144 1559 5185 a
1571 5142 1652 5184 coena
1677 5126 1726 5184 liei
1749 5124 1890 5188 nurnberc,

263 5215 356 5273 batur.
372 5216 425 5274 Per
447 5220 524 5276 illum
551 5237 617 5279 uero
640 5222 688 5295 qui
703 5236 818 5278 uxorem
839 5220 918 5279 duxit
929 5222 1057 5280 leviticus
1107 5226 1142 5281 ab
1152 5226 1278 5297 iniuncto
1289 5222 1390 5291 obicio,
1405 5231 1437 5278 ut
1446 5222 1543 5279 inutile
1556 5223 1724 5290 membrum,
1738 5228 1781 5277 est
1788 5218 1893 5290 ejicien-

263 5310 333 5366 ordo
345 5308 510 5381 declaretur,
534 5315 578 5371 cui
595 5315 640 5371 lex
663 5314 819 5387 specialiter
838 5323 870 5373 ut
880 5329 951 5372 uror
971 5330 1057 5386 copu-
1106 5317 1169 5374 dus.
1184 5315 1281 5373 Manus
1294 5316 1419 5383 dextera,
1434 5330 1483 5386 per
1494 5322 1799 5387 quamopernrnnr,est
1811 5319 1890 5382 pater.

264 5398 347 5459 latur.
373 5400 407 5458 lli
433 5404 534 5477 singuli
549 5408 613 5478 quin
631 5409 748 5466 terrenis
767 5410 886 5482 negotiis
912 5408 1055 5477 insudant,
1105 5409 1150 5465 rel
1162 5417 1250 5465 nrater
1272 5416 1320 5463 sut
1335 5422 1416 5473 uxor,
1430 5406 1474 5461 rel
1489 5406 1604 5477 quilibet
1621 5405 1832 5471 amicissimus,
1849 5414 1892 5473 per

265 5506 296 5549 sc
306 5508 323 5551 n
333 5496 460 5553 conuiuio
476 5496 523 5553 Dei
537 5507 679 5556 excusant.
696 5498 774 5557 Unde
784 5499 981 5572 paterfamilias
994 5516 1056 5557 scr·
1107 5516 1178 5575 qnos
1198 5502 1226 5557 in
1245 5498 1523 5572 omnibusjnrnmor.
1535 5496 1582 5565 lii,
1598 5498 1623 5554 si
1636 5512 1688 5554 nos
1700 5498 1796 5569 aliquo
1815 5492 1892 5550 modo

265 5598 303 5643 vo
319 5586 435 5659 imperat
454 5600 485 5648 ut
505 5591 533 5648 in
560 5592 664 5665 plateas
680 5602 709 5649 et
732 5592 808 5650 uicos
823 5593 942 5650 ciuitatis
965 5604 1055 5661 exeat,
1108 5594 1264 5653 aconrisio
1275 5604 1417 5658 revocant,
1431 5592 1506 5647 relus
1520 5590 1627 5647 Deieos
1639 5608 1656 5647 a
1667 5590 1751 5647 nobis
1763 5584 1891 5651 nbscidsl.

266 5692 399 5751 ριιιρειεε
414 5696 447 5739 sc
470 5682 573 5741 debiles
601 5684 767 5742 introducat.
792 5682 964 5757 Serrus,qui
982 5700 1057 5741 nnnc
1108 5687 1241 5761 etprocul
1256 5702 1273 5743 a
1288 5686 1435 5743 sedulitate
1450 5683 1675 5755 nostrsabiiciat.
1690 5680 1892 5752 Pesperqncn

267 5771 395 5842 meatur,
408 5774 681 5849 ordoprnplsetarunr
694 5776 1055 5853 recipitur.Cieitssautcm
1108 5787 1304 5853 portamnrest
1318 5775 1433 5849 quilibet
1448 5775 1606 5847 subiectus,
1627 5784 1773 5848 perquem
1795 5771 1824 5826 iu
1841 5779 1894 5827 ns-
1969 5775 1973 5784 '
