4017 6342
142 364 210 423 ldbd
600 366 886 427 bramantiones
903 368 953 427 SS.
974 368 1131 427 rennuit.
1151 397 1186 411 ··-
1205 366 1271 424 titt.
1290 366 1322 425 ll.
1700 375 1770 439 gang

138 479 250 549 propria
265 494 321 537 non
337 488 440 552 ponant
455 480 575 551 nomina,
588 490 615 537 et
628 480 761 539 bomiuus
774 498 824 553 per
838 483 929 539 humi·
943 490 965 545 Α
979 484 1051 541 liciis
1069 497 1150 555 poeua
1164 491 1217 541 est.
1237 479 1374 538 Abrabam
1388 482 1532 554 caeterique
1555 492 1645 555 patres
1665 484 1769 556 lideles,

138 570 224 625 litatis
241 571 464 641 approbationem
488 573 614 642 pauperis
628 573 711 643 hujus
733 588 831 629 nomen
845 574 927 641 dieat,
979 589 1153 645 nequaquam
1168 575 1319 630 secundum
1333 590 1443 631 carnem
1462 575 1717 633 liliosatormeatis
1740 578 1771 634 li·

137 674 193 713 ιιι
213 661 355 730 parabola,
367 661 415 717 sed
429 661 467 716 rei
482 670 564 732 gestae
579 663 699 718 narratio
711 663 768 719 laroc
784 672 835 719 est.
851 663 928 721 ttm-
979 664 1077 721 iterare
1095 664 1206 721 student
1225 680 1297 736 quos
1325 681 1341 720 a
1368 666 1421 721 fide
1438 666 1564 723 deviasse
1583 668 1767 727 considerant.
1826 664 1837 675 ⁶

137 750 193 807 dici
207 752 291 823 bajus
305 753 397 809 ulcera
409 752 653 811 diveslastldiosus
663 754 800 823 exhorret,
815 756 930 811 nointer
978 754 1060 812 Ferte
1072 756 1149 811 dives
1168 756 1220 811 iste
1233 754 1334 827 aliquid
1355 756 1420 812 boni
1434 756 1530 813 babuit
1554 760 1626 829 qrrod
1655 760 1770 821 felicitas

138 843 275 911 pretiosas
296 845 392 914 epulas
409 852 644 915 unguentatosque
662 846 790 902 convivas
814 846 927 904 letorem
978 849 1146 905 transeuutis
1161 850 1223 905 rita
1244 851 1437 916 remuneravit,
1465 860 1492 907 et
1516 850 1637 909 Lazarus
1663 851 1768 924 aliquid

138 934 262 991 ulcerum
284 936 466 995 lambentibus
489 937 603 993 canibus
617 940 759 995 sustineat.
778 939 847 995 Cum
862 956 927 1013 ergo
977 939 1042 993 mali
1054 941 1127 1009 qrtod
1138 940 1209 1012 ignis
1225 941 1323 1011 inopia
1335 942 1469 1011 purgauit.
1490 941 1580 997 Velia
1597 943 1649 999 lroc
1667 946 1769 1015 recepit

136 1035 202 1082 ante
216 1027 329 1097 ianuam
346 1028 460 1099 jaceret,
474 1045 507 1086 ex
525 1028 630 1086 visione
644 1029 771 1101 pauperis
782 1030 857 1086 diviti
872 1047 927 1088 non
976 1030 1060 1093 dona.
1073 1032 1138 1102 quia
1160 1047 1240 1087 sunm
1254 1032 1384 1104 gaudium
1407 1031 1563 1088 felicitatem
1581 1036 1767 1093 transitsriam

137 1118 279 1175 miserenti
291 1120 418 1177 cumulus
431 1120 613 1181 damnationis
632 1121 757 1189 lulertur,
771 1132 799 1177 et
816 1137 926 1179 rursum
975 1121 1090 1191 putarit.
1108 1120 1178 1177 lusti
1206 1137 1280 1187 nero,
1296 1122 1348 1177 etsi
1370 1122 1397 1175 in
1415 1121 1517 1177 mundo
1541 1122 1612 1179 baua
1637 1124 1766 1195 babeant,

135 1222 171 1263 ex
182 1208 288 1265 visione
301 1207 392 1265 diuitis
404 1209 654 1281 tentunsquotidie
664 1224 767 1281 pauper
784 1211 924 1281 probatur.
975 1213 1042 1284 qnia
1062 1213 1096 1267 ad
1108 1223 1210 1269 aeterna
1226 1213 1329 1269 sanctis
1340 1212 1483 1269 desideriis
1497 1223 1626 1283 astuant,
1641 1232 1703 1287 pirae
1718 1218 1768 1274 ad·

134 1298 223 1369 Quem
238 1300 272 1356 ad
287 1300 417 1372 majorem
433 1301 519 1372 ipsius
531 1302 719 1372 probationem
730 1310 875 1373 paupertas
889 1302 927 1359 si·
975 1312 1041 1360 sunt
1054 1304 1167 1359 minime
1188 1304 1259 1360 bona
1275 1305 1411 1359 vitientur.

134 1390 194 1445 mul
208 1399 235 1445 et
248 1391 390 1463 aegritudo,
407 1392 502 1447 etrisa
515 1391 607 1447 diuitis
619 1390 708 1462 copia,
725 1400 753 1447 et
771 1392 846 1448 nulla
873 1392 925 1448 sibi
1013 1392 1111 1449 «litia
1122 1393 1166 1450 bis
1186 1394 1314 1450 onauibus
1329 1395 1465 1451 internos
1482 1405 1509 1454 et
1528 1414 1580 1455 ros
1601 1399 1686 1457 cbaos
1707 1416 1768 1459 tna·

132 1482 257 1539 adbibita
283 1482 435 1539 consolatio
458 1482 588 1539 alliciunt.
617 1482 774 1539 Cavendum
802 1499 867 1556 orgo
891 1499 925 1540 ne
974 1499 1058 1557 gnum
1077 1486 1213 1539 llrmatnm
1231 1493 1284 1551 cst,
1302 1494 1332 1541 ut
1359 1487 1387 1541 bi
1411 1486 1460 1557 qni
1481 1490 1576 1544 ιιιιιι
1591 1491 1634 1546 bic
1649 1492 1767 1549 transire

132 1594 268 1651 pauperes
278 1579 471 1651 despiciamus,
489 1578 540 1635 etsi
558 1594 619 1651 qua
632 1579 659 1635 in
671 1579 923 1651 cisreprebensibi-
973 1575 1008 1629 ad
1022 1591 1072 1631 ros
1094 1576 1279 1647 nonpossint,
1296 1591 1385 1647 troque
1400 1578 1463 1635 inde
1478 1579 1533 1635 bue
1554 1589 1733 1639 transmeare.
1752 1601 1763 1636 ι

131 1673 169 1729 tta
182 1673 316 1739 ridemus,
338 1672 404 1744 quia
416 1670 534 1729 sortasse
556 1688 628 1744 quos
645 1687 754 1729 morum
779 1672 924 1731 infirmitas
972 1663 1064 1721 Clraos
1075 1666 1133 1721 sire
1152 1668 1248 1735 cbaus,
1261 1677 1292 1723 ut
1306 1678 1410 1727 veteres
1424 1673 1656 1743 codiceshabent,
1680 1676 1767 1748 signi·

130 1763 268 1831 vulnerat,
279 1764 414 1821 medicina
428 1764 595 1836 paupertatis
606 1773 696 1821 curat.
973 1756 1036 1813 licat
1048 1772 1206 1829 perpetuam
1218 1760 1479 1833 dissimilitudinem,
1493 1774 1522 1820 nt
1536 1766 1607 1821 iuter
1629 1767 1765 1825 bonorum

170 1854 309 1911 abactam
330 1864 373 1911 est
393 1864 484 1911 autem
500 1865 530 1912 m
546 1864 699 1913 moremur
726 1857 868 1914 meneleus
894 1866 922 1913 et
936 1847 958 1903 tt
972 1850 1162 1921 mutorumque
1176 1851 1341 1918 notrannus,
1356 1856 1420 1925 urna
1436 1867 1497 1927 post
1516 1868 1631 1915 nortem
1643 1876 1698 1916 ιιι
1716 1876 1766 1931 po-

130 1948 449 2021 ptlt'lat'elttt'abanssblis
472 1948 500 2003 in
529 1948 620 2004 sittilm
653 1946 778 2005 Abrahae,
797 1948 921 2006 Mortuus
972 1950 1063 1997 lerttttl
1085 1944 1182 1999 ιιιιιίιιι
1207 1946 1318 2001 miliari.
1344 1944 1404 2003 Noti
1428 1958 1471 2005 (ιιι
1497 1950 1610 2007 dublum
1632 1954 1698 2023 qttitt
1718 1970 1765 2011 re·

129 2048 223 2095 antem
245 2048 274 2095 et
292 2040 368 2095 dives
385 2047 413 2095 et
436 2039 558 2110 sepultus
573 2039 658 2095 estin
673 2038 791 2095 lnicrno.
807 2058 816 2092 ι
839 2038 921 2097 Sinus
971 2034 1049 2105 probi
1060 2049 1076 2089 ³
1087 2036 1176 2105 poenis
1190 2038 1308 2093 “inille
1318 2050 1458 2111 cubilem.
1473 2043 1544 2100 ⁸¹⁰⁰!
1555 2046 1646 2101 billinc
1660 2048 1765 2105 iaciunt

128 2130 247 2187 Abrabae
260 2132 367 2204 requies
380 2139 423 2188 est
435 2132 576 2189 beatorum
594 2146 761 2203 paupernm;
782 2132 921 2203 sepultura
971 2124 1005 2179 ad
1020 2134 1121 2181 sertem
1135 2126 1288 2184 bealorum·
1303 2126 1434 2187 Transire
1455 2143 1546 2189 autern
1568 2135 1705 2206 jtrsmrnm
1720 2146 1765 2195 est

129 2222 230 2280 inlerni
241 2224 367 2295 superbis
378 2232 405 2281 et
418 2222 681 2281 immisericordibus
693 2233 735 2281 est
751 2222 921 2295 prolutrditas
971 2222 1063 2271 ¹¹¹0le
1074 2215 1116 2273 irc
1128 2232 1179 2287 illl
1193 2218 1408 2276 mistriwrdinrn
1424 2223 1459 2278 nd
1483 2227 1587 2295 positos
1600 2228 1627 2283 in
1641 2237 1764 2286 tormen·

127 2328 283 2384 poenarnm.
312 2311 390 2371 Unde
417 2313 566 2387 Gregorius
586 2314 614 2369 in
638 2312 687 2370 lib.
713 2330 750 2369 ιιι
772 2310 823 2370 Job
839 2333 846 2369 ι
860 2313 920 2369 Nou
970 2308 1018 2377 lis,
1044 2324 1148 2380 eostpte
1166 2312 1235 2369 telle
1251 2314 1377 2371 liberare.
1399 2313 1452 2371 Sed
1474 2334 1529 2373 non
1549 2331 1673 2391 pomum,
1696 2325 1762 2394 qnia

125 2405 263 2475 justorum
275 2406 381 2463 animas
395 2406 429 2462 gd
442 2406 578 2463 infernum
597 2407 715 2463 dicimus
736 2408 919 2475 descendisse,
968 2399 1107 2469 jtlsllll'ulli
1120 2403 1229 2471 animae,
1248 2405 1375 2476 qllitlllt'ls
1390 2406 1417 2461 in
1437 2424 1494 2465 sltoe
1520 2420 1626 2467 ttttlttrae
1641 2413 1764 2473 bonitate

127 2506 159 2553 ut
174 2498 203 2552 in
227 2498 295 2555 loeis
319 2498 470 2569 poegpglihus
486 2507 653 2565 tenerentur,
678 2500 724 2557 sgr!
740 2507 771 2555 ut
793 2500 819 2555 iu
839 2514 921 2571 supe-
970 2490 1326 2564 misericordiamlrabeant,
1339 2504 1515 2554 lattlatatnett
1529 2503 1691 2559 rectitudine
1705 2506 1763 2561 dn·

127 2589 247 2645 pipp-ihus
265 2590 476 2661 requiescet-ent,
503 2589 586 2657 idem,
611 2606 688 2645 1111:
714 2589 846 2657 Taedium,
864 2604 920 2660 quo
969 2583 1111 2639 clorlssltl
1132 2586 1368 2657 consiliumillud,
1388 2597 1418 2643 nt
1438 2590 1512 2644 nulla
1524 2595 1761 2663 compassionem!

125 2679 195 2749 justi
206 2678 397 2735 desiderabant
419 2678 511 2736 ridere
530 2678 710 2748 Sabatenem,
729 2679 868 2737 roeatlob
881 2688 920 2735 tc·
969 2675 1102 2746 reprobos
1115 2688 1286 2735 moneantur.
1305 2680 1414 2735 Aliter:
1431 2678 1501 2737 lusti
1522 2686 1640 2741 transire
1655 2687 1760 2759 nolunt,

127 2772 238 2839 nebras,
251 2772 297 2827 ubi
309 2772 367 2828 ait:
383 2791 392 2823 ι
410 2770 437 2828 ln
452 2772 573 2828 tenebris
590 2772 674 2829 stravi
686 2772 814 2828 lectulum
828 2787 919 2829 meum
969 2765 1054 2823 idest
1073 2769 1397 2828 existimanturamultis
1416 2773 1533 2831 transire
1553 2777 1622 2835 uelle
1648 2781 1682 2835 ad
1699 2782 1761 2840 illos

127 2865 291 2937 (lobannis
306 2862 389 2933 idem,
401 2866 498 2921 inocto
512 2884 519 2920 ε
533 2886 543 2917 r
558 2864 635 2923 Sicut
648 2865 735 2921 nubes
747 2866 919 2921 consumitur
969 2866 1120 2932 praesertm
1146 2865 1301 2935 eripiendos
1316 2881 1332 2921 a
1347 2866 1436 2939 pennis
1459 2869 1508 2939 qni
1531 2871 1572 2927 eis
1589 2871 1618 2928 in
1635 2874 1689 2931 bae
1703 2877 1762 2935 ιιιι

126 2966 154 3011 et
164 2957 323 3027 pertransit,
334 2960 374 3013 sic
385 2958 432 3028 qui
446 2957 587 3013 descendit
598 2959 631 3013 ad
642 2956 746 3013 inleros
760 2973 814 3013 non
823 2973 919 3015 ascen·
968 2951 1068 3021 mainil
1083 2952 1181 3010 aflectu
1193 2955 1386 3027 jungebantur.

124 3044 173 3100 det
185 3042 247 3115 (tot
260 3046 384 3117 nitiade
396 3045 419 3102 si
433 3046 692 3117 aperteloqueretur
704 3044 918 3114 lob,dicens:ln
1007 3060 1017 3093 r
1035 3041 1069 3098 Et
1080 3044 1119 3100 ait
1134 3063 1141 3099 :
1157 3043 1234 3117 llogo
1252 3061 1317 3119 ergo
1333 3057 1369 3116 te,
1383 3059 1472 3121 pater,
1487 3061 1518 3109 nt
1529 3053 1624 3113 mittas
1645 3071 1708 3113 eum
1729 3060 1760 3115 ia

125 3137 212 3193 altum
229 3138 463 3195 currendodebcit
476 3138 522 3209 qni
535 3138 716 3209 superbiendo
729 3139 763 3193 ad
777 3139 916 3196 interitum
945 3124 950 3134 ¹
968 3127 1080 3189 dentum
1095 3136 1180 3205 patris
1197 3136 1260 3191 mei.
1272 3134 1365 3195 iiabee
1378 3142 1451 3197 euim
1466 3142 1503 3198 ibi
1517 3144 1638 3215 qttinqne
1650 3146 1759 3217 iratres,

124 3228 221 3284 tendit.
250 3228 335 3297 Quem
350 3229 373 3285 si
398 3230 482 3285 semel
505 3230 583 3301 culpa
593 3231 628 3286 ad
642 3246 750 3301 poenarn
771 3230 916 3301 pertrabit,
968 3232 1125 3282 attestetur
1143 3227 1246 3285 illisne
1261 3237 1289 3285 et
1308 3228 1360 3301 ipsi
1386 3234 1497 3289 veuiaut
1522 3234 1551 3289 iu
1570 3236 1660 3293 lacurn
1686 3239 1761 3296 buno

123 3322 313 3378 misericordia
326 3322 441 3379 ulterius
453 3322 487 3377 ad
503 3323 608 3377 reniam
625 3338 678 3377 nnn
693 3322 808 3381 reducit.
966 3324 1175 3375 lutulentorum·
1194 3339 1204 3374 r
1234 3318 1384 3394 Postquain
1395 3323 1501 3381 ardenti
1512 3326 1547 3383 de
1558 3342 1589 3385 se
1608 3345 1671 3400 spes
1685 3333 1759 3388 tolli·

161 3432 171 3466 ι
190 3412 306 3471 Ειιιιιι
323 3422 414 3473 antem
429 3415 524 3471 oeulos
544 3428 621 3482 suos,
636 3428 700 3470 cnm
716 3427 790 3472 esset
813 3416 841 3471 in
862 3423 917 3471 tor·
965 3418 1021 3476 tur,
1033 3410 1142 3467 animus
1156 3411 1191 3467 ill
1206 3413 1374 3485 imbibitum
1399 3418 1526 3486 filiiflii·
1545 3420 1609 3490 (tuin
1625 3423 1758 3499 rebrobo-

123 3506 235 3570 mentis,
251 3506 320 3561 sidit
339 3504 477 3563 Abrabam
491 3520 508 3561 a
521 3505 611 3577 longe,
623 3514 649 3561 et
662 3504 796 3561 Lazarum
811 3507 837 3561 iu
851 3508 914 3565 sinu
965 3513 1028 3553 lum
1055 3509 1174 3555 mentem
1193 3517 1273 3571 poerin
1296 3518 1346 3560 sun
1364 3505 1528 3579 quandoque
1545 3508 1676 3567 inutiliter
1694 3528 1760 3568 ern-

122 3596 215 3667 ejug„
232 3594 301 3653 eum
313 3598 431 3655 dicamus
443 3597 592 3665 muham,
603 3598 753 3655 „emaum
769 3596 848 3653 fldem
864 3612 914 3669 pa.
965 3590 1004 3647 dit
1014 3591 1050 3647 ad
1063 3592 1236 3661 charitatem,
1250 3603 1280 3650 ut
1287 3593 1345 3665 jaan
1357 3604 1422 3653 tnnc
1434 3612 1499 3654 suus
1513 3599 1595 3655 etiam
1607 3596 1757 3673 spirituaii·

122 3697 192 3744 trem
217 3698 354 3757 nostrum,
376 3698 464 3747 eoetus
478 3688 800 3756 eredentinm,liberator
818 3703 915 3759 exspe-
965 3690 1008 3739 ter
1026 3682 1151 3755 diligant,
1177 3685 1238 3755 qui,
1263 3686 1329 3742 dum
1356 3697 1467 3759 peccata
1491 3690 1643 3763 diligerent,
1661 3709 1711 3751 uec
1727 3710 1759 3751 so

122 3784 267 3849 ciantium,
281 3782 361 3839 sinus
375 3792 434 3839 erat
453 3782 579 3849 abrahae,
602 3782 636 3837 ad
651 3796 732 3852 quem
761 3780 914 3837 ministerio
963 3775 1102 3830 amabant.
1109 3772 1259 3832 Servantur
1268 3792 1334 3849 ergo
1346 3780 1422 3835 diviti
1430 3782 1464 3837 ad
1478 3797 1586 3853 perram
1598 3794 1625 3841 et
1638 3786 1759 3857 cognitio

120 3874 282 3945 angelorum
301 3874 421 3931 directus
433 3871 485 3931 luit
497 3873 627 3941 Lazarus,
647 3872 681 3929 de
701 3872 825 3929 mendice
837 3872 913 3929 dires
962 3868 1092 3939 pauperis
1104 3884 1185 3940 quem
1200 3869 1333 3941 despexit,
1346 3880 1374 3927 et
1392 3874 1526 3930 memoria
1545 3874 1661 3933 fratrum
1686 3893 1758 3950 quos

120 3964 223 4021 lactus.
241 3964 364 4021 infideles
375 3973 465 4021 autem
485 3980 535 4037 pro
555 3964 685 4023 varietate
704 3964 846 4034 culparum
865 3976 913 4035 per
964 3958 1134 4031 reliquierit
1148 3960 1213 4016 boni
1227 3962 1362 4032 siquidem
1382 3962 1480 4031 bonos,
1495 3974 1524 4019 et
1539 3967 1603 4021 mali
1617 3969 1714 4036 malos,
1729 3980 1758 4027 er

118 4058 245 4114 diversas
256 4056 412 4114 mansiones
424 4057 451 4113 in
466 4057 521 4111 imo
539 4071 683 4127 poerrarum
710 4056 791 4127 positi
819 4055 912 4112 tideles
962 4051 1027 4109 boni
1039 4053 1138 4121 malos,
1150 4061 1178 4109 et
1191 4054 1256 4109 mali
1273 4065 1443 4125 cognoscunt
1456 4055 1555 4111 bonos.
1571 4056 1599 4112 ln
1613 4074 1668 4129 qua
1680 4058 1757 4116 uido-

118 4166 205 4221 super
217 4164 247 4206 se
257 4150 284 4204 in
298 4148 391 4221 requie
401 4148 506 4221 alonge
517 4146 700 4219 conspiciunt,
711 4146 775 4217 quin
787 4146 852 4202 illuc
863 4160 913 4217 per
961 4140 1025 4199 lieet
1034 4144 1189 4215 cognitione
1199 4144 1341 4215 utriusque
1354 4146 1439 4216 partis
1451 4146 1579 4202 cumulus
1595 4148 1753 4203 retributio-

119 4244 249 4299 nteritnm
267 4257 321 4297 non
340 4240 486 4312 attingunt.
961 4234 1005 4293 nis
1020 4234 1164 4303 excrescit,
1178 4243 1210 4290 ut
1228 4243 1255 4291 et
1267 4234 1331 4291 boni
1343 4234 1462 4305 amplius
1475 4236 1622 4305 gaudeant,
1634 4236 1698 4307 ignia
1712 4252 1757 4294 sc·

158 4350 169 4385 t
186 4330 220 4388 Et
231 4332 290 4403 ipse
310 4331 432 4388 elanraus
446 4328 534 4385 dixit:
551 4326 632 4385 Pater
652 4327 801 4395 Abrabam,
827 4327 911 4385 mise·
960 4340 1024 4385 cum
1050 4325 1137 4383 laetari
1160 4324 1335 4396 conspiciunt
1356 4339 1427 4396 quos
1445 4333 1616 4391 amarerunt,
1630 4333 1658 4381 et
1677 4325 1754 4394 tnali,

117 4439 181 4480 rere
194 4422 247 4478 mei
262 4430 289 4477 et
306 4421 382 4477 mitte
398 4419 544 4487 Lazarum,
570 4428 601 4476 ut
619 4420 734 4492 intingat
756 4426 909 4477 extremum
960 4418 1028 4475 dum
1046 4434 1109 4476 cum
1123 4418 1337 4490 eistorgnentur
1357 4432 1429 4491 quos
1451 4418 1480 4475 in
1500 4417 1554 4473 boc
1569 4417 1674 4475 mundo
1685 4418 1754 4475 dile-

115 4514 197 4587 digiti
212 4514 255 4571 sni
271 4514 298 4570 iu
317 4528 428 4586 agriam,
452 4520 483 4567 nt
506 4510 646 4583 redigeret
666 4512 786 4583 lingnam
809 4522 909 4576 meam,
925 4530 948 4591 D
963 4519 1072 4579 xerunt,
1086 4526 1134 4568 eos
1148 4524 1203 4567 nou
1217 4512 1306 4567 solnm
1325 4526 1386 4580 sua,
1400 4510 1448 4569 sed
1468 4510 1549 4567 etiam
1564 4524 1660 4567 eorum
1673 4526 1754 4583 poena

113 4608 183 4679 qnia
195 4608 304 4665 crucior
314 4606 402 4663 inlaao
415 4602 551 4661 bamma.»
565 4602 643 4662 Sient
650 4602 782 4660 Divinitas
795 4601 909 4675 tigurate
963 4611 1119 4661 consumat.
1134 4601 1278 4660 Fitantem
1297 4604 1327 4659 in
1339 4604 1433 4660 electis
1441 4602 1571 4675 quiddam
1590 4602 1753 4668 mirabilius,

114 4714 167 4771 per
180 4698 387 4755 translationem
404 4696 509 4762 oeulos,
521 4696 655 4769 liugnam,
671 4694 781 4768 digitos,
795 4702 911 4750 caetera·
962 4696 1028 4767 quia
1043 4710 1098 4753 non
1113 4695 1203 4753 solum
1216 4710 1266 4753 eos
1280 4701 1433 4767 agnoscunt
1450 4707 1521 4765 quos
1538 4694 1584 4749 bic
1610 4705 1752 4759 noverant,

116 4786 307 4865 gnehumanri
323 4788 446 4845 membra
468 4786 569 4845 dicitnr
591 4786 701 4853 babere,
716 4786 753 4843 ita
777 4786 910 4841 animat
962 4786 1011 4843 sed
1034 4786 1110 4844 velut
1133 4786 1207 4843 risos
1226 4802 1260 4843 ae
1285 4786 1409 4857 cognitor
1436 4792 1637 4856 recognoscunt
1665 4784 1754 4841 bnuoa

114 4883 282 4956 eorporibus
294 4889 435 4953 separatae.
452 4878 522 4939 Petit
532 4894 597 4951 ergo
606 4878 682 4935 diros
694 4877 816 4949 lingnam
831 4888 910 4932 suam
961 4900 1034 4957 quoe
1054 4900 1194 4957 nunqnam
1212 4883 1346 4940 steterant,

110 4974 287 5051 refrigerari,
308 4974 392 5031 idest
410 4988 519 5047 pennam
541 4987 623 5044 qnam
654 4984 718 5027 curn
743 4970 836 5042 lingna
860 4982 910 5026 sua
1000 4994 1010 5027 ι
1027 4972 1061 5032 bt
1072 4974 1111 5031 ait
1120 4974 1159 5031 illi
1173 4973 1310 5030 Abrabam
1323 4990 1331 5029 ι
1346 4968 1455 5031 liabent
1470 4970 1580 5046 boysen
1590 4979 1620 5029 et
1636 4972 1754 5046 pmpbe-

109 5068 231 5135 meruit,
249 5064 347 5123 ιιιιιι.
367 5062 397 5119 ln
416 5062 550 5121 ιοιιιιιιι
576 5062 649 5119 enim
669 5059 734 5132 qnia
757 5058 910 5131 loquacitas
962 5074 1005 5123 tas
1018 5084 1026 5123 ι
1041 5066 1155 5123 ιιιιιιι
1171 5066 1243 5122 ιιιοι.
1264 5062 1298 5120 dt
1311 5064 1357 5122 ille
1375 5062 1445 5121 dixit
1457 5082 1465 5119 ι
1476 5060 1547 5131 lion,
1571 5072 1649 5135 pater
1663 5065 1752 5121 Abra·

107 5159 187 5217 solet
201 5156 352 5223 abundare,
364 5155 523 5229 perbihetur
535 5153 612 5211 dites
631 5168 665 5208 ex
681 5152 774 5225 lingna
791 5150 911 5224 graviter
961 5154 1036 5223 bam,
1051 5156 1099 5212 sed
1110 5155 1134 5211 si
1155 5156 1219 5225 quis
1232 5169 1267 5211 cx
1289 5153 1404 5209 mortuis
1421 5152 1483 5209 ierit
1497 5153 1531 5208 ad
1545 5167 1603 5220 eos,
1618 5155 1753 5224 preniten-

106 5251 222 5305 ardere.
235 5244 316 5319 Optat
327 5247 411 5321 igitur
422 5246 458 5302 ab
469 5254 592 5301 extremo
602 5242 677 5316 digiti
688 5258 718 5300 se
731 5244 815 5314 tangi,
831 5242 911 5298 idest
960 5246 1035 5303 tlam'
1044 5255 1156 5318 agent.»
1173 5245 1253 5302 binos
1267 5244 1319 5301 iste
1332 5260 1410 5302 serus
1424 5246 1555 5317 magister
1571 5245 1666 5315 inciplt
1678 5258 1750 5309 esse,

105 5340 275 5413 operatione
288 5340 426 5410 justorum
440 5337 482 5394 tel
497 5337 591 5393 ubima
605 5334 733 5403 recreari,
745 5343 772 5390 et
797 5332 838 5391 sic
861 5348 910 5406 per
961 5336 1091 5407 cumjam
1107 5352 1158 5393 nee
1170 5336 1291 5393 discendi
1305 5330 1412 5405 tempus
1427 5334 1510 5390 babet
1519 5348 1570 5390 nec
1581 5331 1705 5387 docendi.
1718 5330 1753 5386 Et

105 5448 214 5507 aquam
230 5432 324 5505 gratiae
340 5428 386 5487 liei
398 5430 608 5487 misericorditer
623 5428 674 5485 sibi
685 5428 836 5484 subveniri.
959 5428 1024 5507 quia
1037 5427 1119 5484 rerba
1134 5426 1182 5484 Dei
1197 5428 1366 5498 despexerat,
1380 5426 1440 5482 baec
1459 5425 1554 5480 audire
1568 5438 1634 5481 suns
1652 5436 1753 5494 sottus·

143 5546 158 5582 ι
178 5525 213 5582 Et
230 5524 301 5581 dixit
315 5523 354 5580 ilii
369 5522 507 5579 Abrabam
523 5540 531 5578 ι
546 5520 607 5588 liiii,
631 5520 775 5576 recordare
786 5518 851 5591 quia
865 5532 910 5573 re-
960 5533 1007 5575 ccs
1020 5534 1074 5573 non
1087 5532 1167 5587 posse
1179 5518 1327 5574 existimat.

103 5618 210 5693 cepisti
225 5616 299 5674 bona
313 5614 342 5671 iu
356 5616 410 5671 vita
425 5623 482 5678 tua,
497 5622 524 5670 et
538 5611 660 5668 Lazarus
679 5610 804 5666 similiter
825 5608 906 5663 mala.
998 5608 1069 5664 ιΑιι
1084 5618 1175 5663 autem
1188 5609 1245 5663 illi:
1261 5608 1289 5664 Si
1305 5609 1415 5683 llopsen
1430 5603 1459 5665 ct'
1469 5608 1615 5679 propbetas
1629 5620 1682 5661 non
1698 5620 1750 5661 att-

102 5710 190 5771 Nunc
215 5720 310 5767 autem
329 5706 375 5761 hic
398 5706 572 5771 consolattu·;
598 5714 626 5759 tu
650 5720 714 5759 reru
736 5702 904 5759 cruciaris·
959 5698 1049 5768 diunt,
1065 5714 1152 5769 uentre
1172 5700 1272 5770 siquis
1292 5717 1324 5756 ex
1345 5702 1459 5756 ιιοιιιιι
1483 5698 1671 5763 resurrexerit,
1690 5708 1749 5751 cro·

101 5804 271 5876 Torquetur
289 5796 504 5871 antejudicium,
519 5796 583 5868 quia
599 5797 738 5852 luxurioso
751 5808 845 5851 carere
859 5792 907 5850 de-
959 5792 1034 5849 dent.
1051 5812 1062 5844 ι
1084 5790 1135 5859 Qui
1149 5792 1232 5849 rerba
1249 5791 1316 5864 legis
1334 5791 1499 5863 despiciunt,
1514 5790 1678 5849 resuscitato
1689 5801 1750 5844 cre·
