4017 6342
126 356 178 417 191
609 358 897 434 bmtenattones
916 361 967 421 SS.
987 358 1145 419 retudit
1164 387 1200 403 ·-
1219 358 1283 417 ult.
1305 358 1325 418 Ι.
1712 362 1765 421 il!

127 490 191 548 ergo
205 474 235 533 iu
251 471 809 549 bociaco,mor'talisbu1nsritaductos
825 479 919 551 sigua·
932 481 957 539 Δ
969 478 1043 547 quod
1061 485 1114 546 est,
1130 476 1257 537 credatur
1275 473 1349 547 qood
1374 490 1429 529 rum
1453 482 1505 531 est.
1530 470 1646 543 Quidam
1665 485 1766 547 putant

128 574 181 637 tur,
205 568 281 625 sieut
304 584 354 641 per
370 570 442 627 diem
466 570 531 627 alibi
555 570 668 629 claritas
690 573 754 629 ritae
770 581 918 644 perpetuae.
972 582 1086 625 caruem
1104 568 1179 625 illam
1193 582 1255 639 quae
1267 574 1409 638 assumpta
1419 574 1490 623 csta
1506 564 1604 634 Verbo,
1614 566 1652 623 lta
1663 568 1699 625 ab
1713 566 1768 625 lai·

127 660 252 719 Praesens
274 676 342 734 ergo
352 662 406 718 rita
418 678 493 720 ntors
513 672 566 733 εει,
577 665 634 721 vita
647 681 713 723 vcro
732 663 826 723 lutura
849 665 918 721 dies.
971 659 1010 716 tio
1021 668 1048 717 et
1063 661 1090 717 in
1105 660 1194 732 primo
1207 668 1330 731 parente,
1349 659 1461 730 quarrdo
1474 667 1531 715 tota
1554 672 1646 717 massa
1661 668 1767 717 naturas

128 748 186 807 linx
199 750 255 809 ista
270 752 369 809 babeat
382 754 600 825 uesperamdies
611 755 657 813 illa
669 756 769 813 babeat
778 771 918 813 auroram.
971 753 1100 809 bumante
1120 768 1169 824 per
1190 759 1332 824 peccatum
1351 760 1479 823 corrupta
1492 759 1551 818 est,
1569 768 1585 807 a
1603 754 1766 824 contagione

130 838 246 913 lespera
261 842 345 911 bujus
360 844 448 901 noctis
461 843 645 903 ctiamloitex
657 846 809 919 quoddam
820 862 920 918 peeca-
969 856 1026 903 eta
1040 846 1216 917 corruptione
1238 846 1342 917 peceati
1358 845 1508 901 immunem
1530 846 1616 905 luisse
1642 848 1765 905 custodi-

127 936 176 1001 rit,
189 936 280 991 donec
291 945 403 1007 accepta
415 938 549 994 sententia
562 939 670 1007 mortis,
687 955 703 996 a
718 938 848 1011 paradiso
859 939 920 1010 pol·
970 946 1038 1005 tam,
1053 946 1081 993 ct
1096 938 1131 993 ab
1146 937 1206 1008 ipso
1225 936 1315 1009 primo
1327 946 1439 1007 parente
1453 953 1541 1009 usque
1556 940 1590 995 ad
1612 940 1765 1013 snsceptio-

128 1042 175 1083 sus
188 1034 232 1083 est
246 1026 275 1081 iu
288 1027 416 1084 tenebras
437 1026 520 1098 buius
536 1030 641 1084 mundi.
665 1028 739 1085 Exiit
753 1044 854 1087 aurora
875 1044 920 1087 ae-
970 1042 1033 1083 uem
1048 1028 1119 1085 suia
1136 1024 1237 1094 Verba,
1251 1028 1365 1085 liberam
1379 1029 1414 1085 ab
1431 1031 1508 1085 omui
1519 1043 1632 1101 peccato
1644 1040 1672 1089 et
1683 1050 1764 1089 mun-

128 1116 237 1190 quentis
253 1117 318 1186 diei,
330 1117 357 1174 id
367 1126 437 1175 esta
455 1119 657 1176 resurreetione
667 1119 771 1177 Christi
786 1136 873 1192 usque
884 1120 920 1179 ad
969 1116 1034 1174 dam
1048 1119 1205 1185 deductam,
1221 1128 1252 1177 ut
1271 1134 1412 1191 uunquam
1428 1121 1481 1177 sub
1502 1131 1615 1192 peccato
1628 1122 1722 1191 luerit,
1736 1130 1765 1179 ct

132 1208 212 1263 linem
225 1208 329 1265 meoli.
352 1207 434 1265 Gutta
448 1208 502 1265 ista
516 1226 571 1266 nox
585 1218 638 1267 est.
658 1209 710 1269 Sed
722 1212 786 1284 quis
798 1221 842 1270 est
853 1228 919 1269 eur·
970 1211 1060 1268 ideoa
1081 1220 1194 1283 peceato
1216 1227 1271 1268 non
1284 1214 1438 1281 liberatam,
1462 1215 1508 1271 scd
1527 1214 1652 1271 liberam.
1679 1214 1765 1273 Aiunt

128 1314 174 1356 sus
187 1299 271 1371 buius
284 1300 368 1357 vitel
387 1299 472 1373 igitur
484 1301 540 1358 uita
553 1302 678 1360 mortalis
689 1302 818 1361 deorsum
834 1315 877 1361 est
890 1305 920 1361 in
968 1304 1043 1361 enim
1057 1304 1123 1375 quia
1132 1304 1180 1361 ilia
1193 1320 1258 1376 pars
1270 1313 1377 1361 naturae
1389 1305 1517 1361 humanae
1527 1305 1580 1363 snb
1594 1314 1706 1377 peceato
1719 1321 1765 1363 es-

128 1392 231 1459 iuieris,
255 1393 327 1451 sicut
348 1394 402 1451 rita
423 1395 590 1453 immortalis
609 1412 731 1453 sursum.
757 1396 836 1455 item
864 1397 920 1455 lter
969 1411 1001 1455 se
1017 1410 1072 1453 non
1086 1394 1191 1464 debuit,
1205 1412 1255 1469 per
1279 1412 1363 1468 quam
1379 1397 1439 1469 ipsa
1455 1406 1553 1455 natura
1570 1398 1692 1455 bumana
1716 1400 1764 1455 obi

127 1502 235 1545 sursunt
249 1494 292 1543 est
303 1488 332 1548 in
347 1488 424 1545 celis
449 1485 515 1543 1ιειιι
530 1488 649 1545 medium
662 1502 704 1545 est
716 1489 835 1545 stadium
856 1490 919 1547 ritae
969 1488 1088 1545 obnoxia
1109 1497 1222 1559 peccato
1242 1488 1371 1556 lucrata
1397 1498 1511 1559 peceato
1527 1490 1668 1547 liberanda
1693 1498 1763 1549 erat.

127 1580 268 1651 praesentis
295 1597 304 1637 a
327 1580 400 1651 quod
414 1580 554 1637 nascendo
569 1581 716 1647 intramus,
729 1580 845 1638 virendo
857 1597 920 1654 per·
969 1581 1010 1637 bd
1023 1582 1194 1653 probandam
1208 1598 1318 1655 quoque
1339 1583 1464 1640 eamdem
1487 1582 1697 1639 aestimationem
1712 1580 1764 1637 ad·

127 1672 274 1739 currimus,
287 1672 430 1729 moriendo
444 1674 562 1731 erimus.
586 1671 722 1742 Quoniam
735 1687 802 1744 erpo
813 1688 868 1729 nox
890 1672 919 1729 1ιι
969 1673 1074 1730 ducunt
1084 1673 1150 1731 iilud
1164 1675 1237 1745 quod
1251 1674 1409 1745 Apostolus,
1430 1689 1493 1731 cum
1516 1680 1617 1730 norum
1633 1674 1764 1730 sacerdo-

131 1780 179 1821 ano
202 1780 286 1821 cursu
302 1765 422 1821 medinm
438 1765 490 1822 iter
503 1766 626 1833 baberet,
645 1766 707 1823 ideo
719 1765 831 1836 qrrando
843 1779 919 1821 mors
971 1766 1039 1822 tium
1062 1766 1148 1821 ueteri
1164 1764 1363 1837 praelerendum
1389 1772 1536 1833 assereret,
1552 1762 1764 1833 blelebisedeeb,

127 1856 271 1912 orrircrsos
282 1872 354 1927 quos
369 1856 396 1910 in
410 1856 500 1913 stadio
517 1858 579 1913 ritae
591 1855 734 1927 presentis
745 1856 857 1927 reperit,
871 1870 918 1913 se-
934 1826 955 1883 B
968 1858 1018 1929 qui
1030 1866 1123 1930 typum
1137 1858 1223 1931 ipsius
1233 1858 1336 1915 Christi
1358 1872 1390 1913 ac
1405 1857 1468 1913 noti
1484 1856 1629 1915 sacerdotii
1641 1856 1764 1928 petebat,

126 1964 185 2004 cum
200 1948 235 2005 ad
252 1946 356 2005 iuleros
372 1950 466 2014 traxit,
481 1958 509 2005 et
522 1964 604 2005 nemo
618 1949 777 2006 mortalium
789 1948 916 2005 advitam
969 1950 1005 2005 ab
1018 1950 1155 2006 Abrabam
1171 1946 1292 2007 decimas
1303 1950 1441 2021 accepisse
1452 1949 1582 2017 ostendit,
1600 1949 1628 2005 in
1646 1964 1700 2020 qua
1714 1949 1765 2007 de-

126 2036 310 2092 immortalem
324 2037 473 2093 ascendere
484 2038 581 2109 potuit.
595 2036 672 2095 Unde
683 2054 732 2109 per
748 2046 855 2095 uocem
869 2052 918 2093 ac·
969 2038 1117 2097 eiuratione
1129 2040 1212 2097 etiam
1226 2039 1301 2107 beri,
1314 2056 1330 2095 a
1345 2054 1401 2111 quo
1410 2040 1511 2097 ueteris
1523 2040 1669 2097 sacerdotii
1678 2041 1764 2097 mini·

125 2124 216 2197 cipere
231 2144 382 2199 possumus
397 2138 553 2200 peceatum.
568 2129 636 2197 Qoae
657 2130 784 2187 uidelicet
805 2145 860 2187 nox
883 2130 919 2186 ab
970 2143 1044 2190 stros
1057 2133 1234 2191 descendisse
1246 2133 1359 2191 dubium
1373 2146 1428 2189 non
1447 2140 1489 2188 est
1503 2133 1669 2189 decimatum
1686 2146 1765 2189 com-

125 2218 253 2291 originali
278 2227 392 2289 peccato
408 2219 501 2290 coepit,
526 2229 555 2275 et
573 2235 622 2291 per
643 2220 761 2275 actualia
784 2220 916 2275 cucurrit.
968 2226 1105 2298 probarit,
1129 2241 1162 2284 ac
1186 2240 1234 2297 per
1257 2228 1309 2282 boe
1332 2233 1411 2281 vetus
1428 2224 1611 2281 sacerdotium
1633 2226 1705 2295 quod
1734 2228 1764 2280 tn

126 2312 920 2385 Quandoigiturpostoriginalemprevarieationemprima
969 2316 1036 2375 Leni
1049 2318 1169 2375 decimas
1183 2316 1259 2375 dedit
1273 2316 1399 2383 inierius,
1414 2330 1515 2371 uorum
1531 2322 1621 2370 autern
1643 2312 1717 2385 quod
1734 2314 1763 2370 in

125 2404 584 2477 praeuaricationisnaturalislegis,
596 2402 731 2459 aedeiudo
739 2402 919 2474 scriptaelegis
969 2408 1168 2468 blelebisedeeb
1181 2412 1228 2483 qui
1239 2408 1436 2467 iormaCbristi
1449 2418 1501 2477 est,
1513 2407 1634 2464 decimas
1646 2408 1762 2479 aceepit,

9 2475 11 2522 j
124 2497 351 2566 1111111111111111111
368 2495 541 2561 1111111111
557 2501 700 2565 111111111111
722 2492 756 2547 111
779 2506 919 2571 1111111111
968 2506 1131 2576 superluset
1141 2506 1250 2578 dignius
1265 2505 1457 2561 estimandum
1469 2500 1564 2571 (liele.
1577 2502 1637 2569 ιιι).
1653 2498 1705 2555 ilbi
1720 2508 1762 2557 ta·

123 2588 471 2653 1111111111111111111111111,
492 2586 572 2658 111111ἱ
593 2601 649 2641 ¹¹⁰¹
675 2584 703 2639 111
724 2600 775 2641 11111
797 2584 918 2640 1111111111
969 2612 1032 2653 men
1045 2596 1171 2653 Christus
1191 2596 1239 2668 qui
1252 2605 1317 2653 tunc
1332 2594 1484 2652 securmum
1506 2608 1617 2650 carnem
1634 2588 1764 2650 similiter

122 2699 208 2739 cursu
221 2683 273 2739 iter
289 2682 416 2738 babebat.
432 2680 485 2737 Sed
501 2680 554 2737 ista
566 2695 621 2735 nux
634 2694 698 2735 vera
713 2679 773 2735 luce
786 2693 920 2749 apparen-
968 2695 1001 2742 ῃι
1017 2686 1083 2743 Levi
1099 2687 1127 2742 in
1142 2687 1244 2743 tumbis
1257 2684 1374 2741 Abrahae
1387 2683 1449 2750 luia,
1462 2683 1628 2740 decimatum
1651 2695 1706 2740 aron
1720 2680 1763 2739 di-

121 2786 164 2843 11,
191 2790 258 2830 111111
282 2774 410 2830 1101111111
436 2788 549 2845 1111111
579 2770 682 2841 111111,
708 2780 737 2827 11
761 2785 815 2826 111111
839 2768 919 2840 quasi
968 2778 1069 2845 cimus,
1085 2792 1120 2833 ne
1134 2778 1219 2834 simili
1240 2778 1345 2833 ratione
1358 2790 1461 2832 nemim
1484 2774 1667 2831 sacerdotium
1688 2766 1762 2842 estod

119 2846 245 2939 quadam
269 2867 375 2923 almona
396 2864 590 2921 immutatione
611 2864 743 2936 paulatim
756 2864 918 2921 decrescens
969 2870 997 2926 1ιι
1020 2868 1131 2927 cbristo
1151 2878 1204 2935 est,
1223 2869 1323 2926 ibidem
1338 2869 1460 2925 decimas
1483 2866 1591 2924 dedisse
1616 2864 1763 2923 convinca-

119 2962 247 3031 elongat,
258 2974 404 3031 quousque
425 2958 471 3013 lux
493 2956 642 3014 crescendo
662 2958 695 3012 ad
720 2956 827 3027 plenam
845 2956 918 3013 diem
969 2977 1042 3019 mur.
1061 2961 1205 3029 Quomodo
1219 2970 1311 3019 autem
1327 2960 1391 3017 beri
1406 2960 1454 3033 qui
1478 2960 1628 3017 secundom
1649 2972 1761 3016 carnem

117 3052 276 3124 perueniat.
289 3051 357 3108 Vide
369 3066 435 3123 crgo
446 3051 679 3108 ordinatissimum
689 3050 789 3107 dirime
806 3048 918 3121 dispen-
969 3054 998 3109 in
1016 3054 1117 3111 lumbis
1141 3052 1231 3109 Patris
1248 3062 1314 3109 tune
1328 3051 1382 3108 luit
1394 3052 1547 3108 decimatus
1571 3060 1624 3117 est,
1640 3059 1666 3106 ct
1683 3048 1762 3107 Chri·

117 3145 243 3203 sationis
253 3144 410 3200 consilium.
431 3142 547 3212 Quando
560 3143 651 3199 omnis
665 3142 858 3213 recuperandae
876 3157 920 3199 sa·
932 3194 952 3252 c
970 3152 1040 3213 stus,
1052 3142 1100 3215 qui
1115 3142 1265 3199 secondum
1278 3156 1390 3198 earnem
1414 3140 1515 3197 ibidem
1534 3139 1596 3209 luit,
1610 3140 1763 3197 det-imatus

116 3238 188 3294 lutis
205 3252 272 3307 spes
283 3235 410 3307 perierat,
422 3244 451 3291 et
470 3250 545 3291 mors
566 3235 659 3291 omnia
681 3250 774 3291 seeum
788 3235 918 3291 deorsum
969 3242 1102 3300 nonest,
1128 3234 1231 3289 nullam
1269 3248 1400 3289 eausam·
1418 3231 1501 3287 aliam
1531 3229 1648 3288 inveniri
1680 3246 1763 3303 posse

113 3326 260 3399 rapiebat,
284 3336 351 3385 tune
373 3328 546 3398 omnipotens
570 3342 661 3382 sermo
686 3326 720 3383 ad
748 3326 918 3382 liberandum
969 3331 1077 3397 putant,
1089 3324 1143 3380 nisi
1159 3324 1224 3395 quia
1235 3338 1301 3379 earo
1315 3321 1379 3378 Leni
1390 3337 1453 3377 com
1469 3319 1549 3391 eulpa
1565 3320 1601 3376 ibi
1616 3318 1678 3387 luit,
1695 3332 1761 3375 caro

114 3419 257 3485 mittitur,
273 3426 304 3473 ut
315 3418 434 3488 amplius
448 3416 547 3473 divinae
559 3417 654 3489 gratia
666 3432 766 3473 munus
779 3432 919 3474 cotonien-
970 3416 1076 3473 cbristi
1089 3432 1144 3473 non
1160 3415 1221 3483 luit,
1235 3424 1316 3486 atque
1328 3414 1389 3472 ideo
1400 3414 1474 3485 quod
1489 3421 1600 3484 peccato
1613 3410 1763 3468 obnoxium

113 3512 213 3569 detur.
222 3508 316 3575 Venit,
327 3510 426 3581 iuquit.
443 3508 528 3577 Quisl
541 3508 787 3579 Sermubltissimi,
798 3507 918 3567 Verbum
969 3520 1039 3579 erat,
1052 3508 1422 3583 expiationeepuissemued
1433 3516 1523 3565 autem
1536 3506 1669 3561 mundum
1680 3512 1764 3576 atquc

113 3602 178 3671 liei,
198 3602 303 3659 unicos
312 3600 412 3667 Patris,
424 3615 473 3657 rer
493 3601 566 3657 dlius
581 3602 663 3673 repis.
677 3599 765 3670 Unde,
780 3601 822 3657 vel
842 3600 921 3673 quot
970 3601 1230 3673 apeeeatoliberum
1245 3608 1313 3667 erat,
1321 3616 1375 3655 nnn
1389 3599 1507 3672 eguisse.
1521 3596 1581 3655 'l'ali
1593 3613 1658 3669 ergo
1671 3612 1702 3653 se
1715 3612 1762 3652 ra·

114 3694 154 3752 lle
185 3709 327 3751 concessu
353 3691 453 3760 Patris,
480 3692 515 3749 ad
537 3692 730 3749 celebrandum
759 3692 920 3765 mysterium
969 3693 1044 3750 done
1058 3694 1174 3765 probare
1187 3692 1377 3764 putantquod
1402 3706 1468 3747 earo
1492 3689 1549 3757 ilia,
1562 3703 1654 3760 quasa
1677 3686 1764 3744 verbo

115 3785 277 3860 passionis,
296 3784 331 3841 de
352 3784 509 3857 equalitate
528 3782 680 3854 majestatis
707 3782 742 3839 ad
767 3784 920 3854 patibulum
970 3792 1111 3854 assumpta
1125 3793 1177 3851 est,
1195 3797 1335 3853 nunquam
1351 3782 1468 3839 obnoxia
1483 3788 1596 3852 peccato
1614 3778 1764 3846 insuesce

116 3879 230 3945 crucis,
252 3876 287 3933 de
307 3874 372 3932 sede
387 3875 471 3947 regali
482 3874 515 3930 ad
536 3873 673 3931 odicinam
696 3875 811 3945 peccati,
826 3875 860 3931 de
875 3874 920 3929 ln-
970 3875 1006 3929 ab
1018 3874 1095 3929 initio
1108 3872 1166 3929 site
1181 3872 1209 3927 in
1220 3885 1352 3942 euaquo
1374 3870 1515 3927 descendit
1535 3870 1593 3925 sire
1614 3869 1641 3923 in
1657 3868 1764 3938 bisper
1802 3870 1817 3893 “

118 3971 200 4025 mine
211 3968 277 4026 cmii
292 3983 381 4039 usquc
404 3968 438 4023 ad
455 3966 582 4025 tenebras
597 3956 707 4025 inferni.
730 3966 783 4033 Sed
797 3966 921 4039 nunquid
970 3980 1041 4037 qrros
1055 3961 1207 4027 descendit,
1221 3960 1324 4017 munda
1337 3968 1445 4017 serrata
1458 3961 1493 4016 sit
1508 3974 1523 4015 a
1536 3965 1659 4029 peccato,
1674 3964 1705 4012 ut
1715 3957 1764 4013 ali·

121 4062 186 4119 ideo
213 4074 331 4133 regnum
354 4060 481 4131 perdidit,
505 4060 563 4117 imo
588 4074 636 4117 eos
666 4062 714 4132 qui
744 4060 817 4117 serri
844 4071 922 4118 crant
972 4055 1085 4127 quando
1095 4068 1157 4111 esse
1171 4053 1259 4124 possit
1273 4052 1362 4108 bestia
1377 4065 1427 4123 pro
1438 4058 1560 4121 peccato.
1583 4047 1636 4103 Sed
1649 4046 1764 4104 catboli·

125 4155 235 4227 peccati
251 4152 372 4209 liberans
386 4169 474 4225 usque
485 4154 521 4209 ad
533 4154 754 4226 conregnandum
770 4154 823 4212 sibi
836 4154 923 4212 subli-
971 4162 1012 4203 cm
1022 4144 1145 4203 veritatis
1157 4142 1282 4200 diffinitio
1297 4140 1396 4197 Filium
1409 4138 1457 4197 bei
1472 4138 1520 4212 qui
1539 4152 1590 4209 pro
1609 4134 1762 4210 peccatori-

126 4246 225 4315 marit,
247 4255 277 4301 ct
300 4244 362 4302 ideo
376 4244 503 4303 iortassis
524 4262 541 4303 a
562 4246 699 4318 regalibus
712 4228 922 4314 sedibus'nenit,
971 4237 1024 4297 bus
1037 4246 1065 4295 et
1080 4237 1114 4295 de
1126 4236 1316 4309 peecatoribus
1330 4240 1412 4289 uatus
1431 4240 1475 4289 est
1494 4230 1528 4286 de
1542 4243 1625 4287 earne
1645 4224 1764 4283 obnoxia

125 4338 196 4409 quia
216 4338 245 4393 in
268 4336 352 4393 domo
372 4336 464 4393 Patris
485 4337 539 4393 mei
556 4337 717 4393 mansiones
742 4338 835 4393 multae
859 4346 924 4394 sunt
973 4339 1084 4404 peccato
1098 4344 1209 4387 carnem
1228 4324 1410 4396 assumpsisse
1425 4322 1524 4379 asserit
1542 4321 1655 4377 liberam
1671 4334 1686 4373 a
1702 4330 1765 4389 pec-

125 4426 223 4499 (Joun.
237 4427 307 4499 ru),
320 4437 348 4484 et
362 4430 515 4500 regnabunt
527 4444 590 4486 cum
608 4430 656 4485 illo
667 4431 694 4485 iu
706 4439 923 4497 aeternum,com
973 4433 1046 4493 cmo,
1061 4432 1089 4481 et
1102 4424 1163 4480 ideo
1177 4422 1290 4479 libemm
1302 4418 1367 4491 quia
1390 4418 1544 4473 liberatam.
1567 4412 1630 4469 iden
1648 4410 1763 4467 liberam

123 4519 287 4591 acceperint
311 4536 425 4593 regnum
450 4520 523 4593 qood
547 4528 674 4593 paratum
688 4528 731 4577 est
757 4520 794 4577 ab
820 4518 924 4592 origine
939 4537 962 4594 p
975 4535 1031 4575 non
1044 4516 1109 4589 quia
1121 4517 1173 4572 sub
1183 4514 1229 4571 illo
1240 4526 1360 4584 unquam
1372 4509 1432 4578 luit,
1448 4508 1495 4565 scd
1510 4506 1574 4579 quia
1586 4505 1637 4561 sub
1647 4501 1693 4557 illo
1703 4516 1765 4557 esso

125 4608 239 4664 ”wlffi-
975 4608 1122 4681 aliquando
1134 4606 1261 4664 cessarit.
1278 4602 1395 4673 Quando
1408 4608 1550 4671 assumpta
1565 4605 1617 4665 est,
1633 4594 1764 4651 mundata

124 4720 177 4777 De
190 4739 217 4779 eo
230 4724 300 4795 qaod
319 4722 432 4779 Verbum
446 4739 553 4779 carnem
570 4724 684 4793 tempsit
697 4740 757 4778 com
770 4740 847 4793 penu
867 4724 924 4779 siue
974 4713 1026 4759 131·
1043 4700 1097 4757 9⁰‘
1118 4698 1241 4755 1111111111
1269 4696 1369 4799 1111111111
1385 4692 1501 4798 1111111111
1526 4696 1624 4746 11111111
1641 4686 1764 4789 1111111111

246 4795 334 4865 culpa,
347 4810 407 4849 cum
422 4794 586 4851 mortalitate
597 4794 655 4849 aine
666 4794 816 4865 iniquitate.
974 4794 1105 4851 mundata
1118 4800 1161 4849 εει
1176 4799 1206 4846 ut
1220 4788 1304 4845 rerbo
1321 4786 1368 4842 ber
1382 4786 1466 4841 bbcra
1481 4793 1617 4853 apeceato
1629 4784 1764 4833 uniretur.

172 4882 220 4941 liei
233 4886 325 4958 itaque
338 4884 425 4942 Filius
440 4902 504 4942 cum
517 4894 591 4943 esset
606 4885 762 4958 unigenitus
777 4883 866 4942 Patris
880 4885 926 4941 11-
975 4881 1027 4938 Ρει·
1042 4896 1125 4953 quern
1135 4878 1337 4935 Christianusa
1352 4882 1464 4945 peccato
1477 4870 1618 4935 liberatur,
1630 4873 1661 4922 ut
1676 4864 1765 4921 eidem

123 4976 195 5031 lius
206 4977 297 5033 rolens
309 4976 362 5035 sibi
376 4976 475 5035 iratres
486 4978 652 5050 adjungere,
669 4976 811 5034 descendit
821 4978 856 5033 ad
873 4978 926 5033 bu·
975 4982 1082 5029 naturae
1094 4968 1268 5025 Christianus
1282 4967 1310 5022 in
1325 4964 1437 5023 Cbristo
1451 4962 1540 5033 eapite
1558 4956 1698 5057 societur..
1709 4954 1767 5025 dp·

121 5083 249 5124 nrauum
258 5078 392 5142 genueet
403 5071 551 5142 assumpsit
561 5071 712 5137 bominem,
722 5079 753 5127 ut
763 5070 864 5127 laceret
872 5069 925 5127 sibi
975 5070 1071 5135 pareat
1090 5062 1183 5131 itaque
1205 5057 1295 5123 nobis,
1310 5056 1381 5113 sieut
1393 5054 1459 5111 dicit
1470 5052 1567 5109 beatus
1584 5049 1764 5151 Augustanus,

118 5159 358 5230 transeundum
370 5162 567 5235 despiciens-in
579 5160 700 5219 iraterno
712 5163 773 5218 ioco
785 5161 926 5232 suscipere
976 5156 1061 5230 gratia
1087 5155 1115 5210 iu
1135 5164 1229 5209 nostro
1244 5149 1344 5221 capite,
1367 5148 1438 5203 unde
1462 5144 1613 5202 secundum
1633 5152 1766 5241 uniuscu-

116 5268 219 5325 quent
231 5254 534 5327 cognoritobedientem
546 5254 579 5309 iri
591 5264 787 5326 praeceptorum
800 5267 923 5308 atrorum.
973 5251 1075 5322 jusque
1089 5260 1245 5303 mensuram
1260 5258 1352 5315 seper
1366 5248 1464 5298 cuncta
1478 5237 1601 5295 membra
1614 5232 1674 5305 ejus
1684 5228 1766 5286 dillu-

116 5345 217 5403 nutu
230 5358 320 5407 autem
331 5349 599 5421 quatuordecem
615 5348 753 5418 illaquam
766 5344 924 5414 assumpsit,
976 5339 1026 5397 dit.
1042 5337 1079 5393 Ea
1093 5337 1179 5409 gratia
1190 5336 1219 5391 bt
1228 5334 1264 5391 ab
1277 5334 1354 5389 initio
1368 5330 1429 5388 nuet
1444 5344 1500 5386 suae
1512 5328 1595 5383 bomo
1608 5322 1766 5395 qtrieunqoe

115 5438 254 5512 qualiter
273 5457 291 5499 a
314 5450 429 5515 peceato
451 5441 553 5497 munda
575 5439 702 5505 luerunt,
726 5438 843 5508 qualitor
867 5435 927 5492 siue
976 5430 1161 5497 Christianus,
1173 5442 1227 5499 qua
1240 5426 1327 5499 gratia
1349 5425 1434 5480 bomo
1454 5423 1501 5477 ille
1515 5421 1550 5476 ab
1565 5417 1643 5474 initio
1657 5428 1708 5471 suo
1724 5410 1766 5467 la·

115 5540 250 5605 peccato
268 5550 378 5605 paenam
398 5534 503 5605 pcccati
520 5531 677 5604 portaverit.
700 5528 735 5583 Et
747 5527 782 5585 de
803 5542 838 5583 eu
850 5524 926 5597 quod
977 5532 1039 5581 ctus
1051 5531 1093 5580 εει
1106 5520 1242 5577 Christus.
1267 5516 1306 5573 Dc
1320 5518 1381 5588 ipso
1393 5514 1490 5585 spiritu
1504 5523 1531 5567 et
1543 5510 1587 5566 hie
1600 5512 1712 5609 renatus
1725 5502 1766 5609 'dc

113 5624 255 5698 qualiter
265 5644 281 5684 a
292 5638 408 5699 peccato
418 5627 521 5683 munda
532 5623 692 5681 lueruntrel
705 5622 845 5687 mundata,
855 5634 927 5691 quo·
977 5634 1035 5690 quo
1048 5626 1090 5674 εει
1104 5615 1149 5671 111ε
1164 5622 1246 5669 iratus
1259 5610 1354 5667 eodem
1371 5607 1468 5679 spiritu
1485 5604 1513 5658 bt
1528 5602 1555 5657 iu
1571 5599 1651 5655 nobis
1664 5610 1765 5653 remts·

112 5718 262 5777 rumdam
274 5720 483 5779 estimationem
495 5729 585 5776 tacere
593 5734 648 5775 uon
658 5717 800 5782 debemus,
814 5729 849 5770 ne
858 5713 928 5769 lorte
978 5711 1021 5767 sio
1037 5718 1221 5782 peccatorum,
1239 5718 1294 5776 quo
1310 5702 1405 5792 spiritu
1430 5697 1531 5752 laetum
1550 5700 1592 5748 est
1606 5697 1636 5746 111
1660 5688 1765 5744 1111111111

111 5813 150 5872 si
173 5828 234 5868 nuo
253 5824 408 5887 exponatur
428 5828 482 5870 uun
497 5812 632 5879 rideatur,
651 5818 678 5868 ct
697 5808 788 5867 sinon
803 5804 928 5863 rideatur
979 5804 1092 5861 baberet
1105 5802 1148 5859 ilic
1161 5806 1313 5873 peecatum.
1339 5788 1766 5861 8ιεει101111111111111111·
