4017 6342
94 420 144 477 ru
559 416 848 477 ourionartouss
867 419 918 477 ss.
937 418 1095 477 nsrnuu.
1116 416 1236 477 -un
1257 418 1278 474 ι.
1683 374 1737 475 ιιι

94 535 211 607 acecpit.
226 532 423 592 Verumtamen
445 535 650 607 omniaqnarin
666 534 820 605 divinitate,
833 537 1011 611 idcotquia
1024 538 1077 595 alla
1096 546 1177 595 esset.
1198 534 1276 593 llunc
1299 542 1389 591 autem
1411 544 1438 592 et
1461 534 1567 603 cadem,
1589 540 1617 593 et
1639 535 1734 591 eodem

94 626 173 683 solus
185 642 241 681 non
256 625 331 693 lecit,
347 626 413 697 quia
433 627 461 683 in
482 627 625 685 divinitate
649 626 725 686 solus
746 643 803 685 non
827 628 890 697 luit,
942 630 1025 687 modo
1039 639 1179 701 operatur,
1194 636 1224 685 ut
1235 629 1303 685 nihil
1321 628 1356 685 sit
1370 635 1418 684 aut
1434 627 1519 698 aliud,
1548 635 1596 684 aut
1617 627 1695 683 aliter
1707 628 1736 684 ln

94 720 145 781 aed
164 720 237 776 idem
257 736 321 777 cunr
336 720 396 791 ipso
406 717 480 788 lecit,
496 722 560 792 quia
572 737 636 778 cum
654 721 716 793 ipso
733 720 806 778 idem
827 720 890 779 luit.
941 722 1102 793 operatione
1117 723 1200 779 illius.
1221 719 1340 778 Ostende
1363 720 1430 777 milri
1448 720 1551 790 aliquid
1575 720 1649 792 quod
1671 720 1737 789 lacit

133 812 162 871 Si
175 828 242 886 erqo
256 813 343 870 Filius
358 814 387 869 in
404 814 548 869 divinitate
567 814 765 871 humanitatem
783 830 892 872 assum·
942 813 1035 883 l'ater,
1047 816 1072 871 si
1086 823 1177 872 tamen
1190 814 1367 885 quaerendum
1378 823 1421 870 est
1432 814 1498 886 quid
1509 813 1575 870 lacit
1586 814 1633 886 qui
1648 822 1737 869 totum

96 906 162 979 psit,
175 906 355 979 quomodoin
369 907 465 963 eadem
481 905 625 964 divinitate
643 907 725 963 Pater
740 908 813 964 idcnr
827 924 891 965 cum
943 906 1019 966 iacit.
1039 907 1115 965 Pone
1133 916 1225 963 tamen
1242 906 1360 977 exempli
1375 922 1457 963 causa
1479 922 1565 962 unum
1580 906 1682 979 aliquid
1703 922 1737 963 ea

96 998 157 1071 ipso
177 1016 232 1055 non
252 995 328 1064 lecit,
340 998 387 1071 qui
402 1014 465 1055 cum
483 1001 543 1069 ipso
556 998 629 1056 idem
652 998 715 1056 fuit.
738 1000 782 1055 An
810 997 891 1071 sorte,
943 1000 1073 1057 omnibus
1095 1015 1157 1070 quer
1181 997 1247 1054 lacit
1271 996 1362 1054 Pater.
1387 996 1453 1054 Dico
1482 998 1546 1069 quia
1570 996 1656 1055 Filius
1683 998 1738 1055 hoc

95 1106 161 1149 cum
171 1090 274 1147 dicitur
286 1088 374 1147 Filius
388 1106 498 1147 carnem
513 1090 665 1163 assumpsit
677 1105 711 1147 cr
731 1090 758 1147 ri
779 1091 892 1148 relatio-
943 1092 1035 1165 ipsum
1057 1092 1131 1149 lacit.
1152 1090 1245 1163 Neque
1264 1091 1360 1161 utique
1385 1088 1437 1146 lroc
1462 1090 1551 1161 ipsum
1574 1090 1636 1149 dico
1658 1090 1739 1163 quasi

95 1184 208 1255 nisque
219 1182 458 1255 intelligiturque
476 1182 527 1239 silti
540 1183 640 1254 univit,
663 1184 736 1240 idem
756 1183 791 1240 de
811 1182 893 1242 Patre
943 1185 1033 1243 simile
1046 1185 1100 1254 ille,
1115 1184 1161 1243 sed
1174 1184 1244 1240 idem
1259 1184 1359 1255 ipsum.
1379 1179 1449 1237 Cum
1475 1180 1548 1237 enim
1570 1181 1631 1239 dico
1643 1200 1650 1238 :
1664 1182 1739 1239 ldcm

97 1288 154 1330 non
168 1272 279 1339 dicitur,
295 1274 360 1345 quia
378 1273 402 1329 si
418 1272 490 1329 idem
504 1273 652 1341 diceretur,
672 1289 728 1329 non
742 1273 826 1343 idem,
844 1275 893 1332 sed
944 1275 1017 1335 facio
1034 1276 1108 1349 quod
1125 1286 1153 1333 tu
1162 1274 1244 1345 focis,
1255 1276 1320 1346 quia
1330 1273 1401 1331 iorte
1415 1274 1526 1331 domum
1542 1274 1657 1343 aeditlco,
1669 1274 1741 1331 sicut

97 1367 173 1423 aliud
191 1366 411 1439 intelligereturi
429 1364 458 1421 Si
475 1364 548 1422 enim
563 1366 702 1423 diceretur
716 1384 724 1423 :
738 1366 820 1423 Pater
832 1382 894 1424 ear-
945 1378 974 1427 to
990 1368 1242 1436 aedillcasdonrum,
1253 1376 1352 1423 etcum
1364 1366 1417 1422 alia
1432 1366 1469 1422 sit
1482 1366 1581 1424 domus
1599 1374 1646 1423 tua
1657 1382 1740 1439 quam

98 1474 163 1515 nem
176 1458 339 1529 assumpsit,
357 1456 556 1529 intelligeretur
570 1457 699 1515 similiter
715 1458 790 1531 quud
813 1458 895 1515 Pater
945 1462 1115 1531 tuedilicas,
1126 1476 1208 1535 quam
1226 1460 1271 1516 illa
1286 1460 1385 1516 domus
1404 1473 1464 1515 mea
1495 1474 1578 1531 quam
1602 1474 1653 1531 ego
1676 1458 1741 1516 adi·

99 1548 154 1606 sibi
175 1564 287 1605 carnem
312 1548 410 1618 univit,
430 1549 504 1621 quud
520 1549 579 1621 jam
594 1549 667 1607 idem
681 1566 736 1607 nou
749 1550 895 1619 essct,sed
945 1554 1008 1623 lico,
1034 1562 1126 1609 tamen
1152 1551 1225 1609 idem
1244 1566 1289 1606 me
1313 1546 1405 1606 lacere
1421 1548 1483 1605 dico
1506 1549 1580 1621 qnod
1603 1559 1631 1606 tu
1660 1546 1741 1615 lacis,

101 1639 188 1698 aliud.
208 1640 291 1699 Aliud
306 1640 406 1712 quippe
420 1648 504 1710 esset,
516 1642 540 1697 si
555 1640 630 1699 Patri
643 1657 710 1700 caro
732 1645 809 1700 unita
825 1644 896 1701 dice·
945 1644 1078 1718 qnoniam
1100 1644 1127 1700 id
1146 1644 1219 1716 quod
1232 1642 1305 1700 facio
1329 1655 1390 1715 eqo,
1416 1642 1568 1699 secundum
1587 1642 1690 1716 aliquid
1704 1643 1743 1700 si-

100 1743 187 1802 retur,
199 1747 283 1805 quam
304 1748 366 1789 cum
383 1732 453 1789 l'ilio
468 1734 545 1789 unita
559 1732 671 1802 dicitur,
690 1735 754 1808 quia
769 1736 842 1793 sicut
853 1744 897 1793 est
946 1738 1012 1794 mile
1036 1746 1079 1793 est
1093 1736 1132 1792 illi
1150 1736 1225 1809 quod
1249 1744 1276 1793 tu
1293 1734 1371 1803 iacis,
1396 1750 1451 1791 nort
1470 1736 1512 1792 sic
1535 1735 1656 1809 intelligo
1678 1750 1742 1792 cunt

101 1825 210 1881 aliusin
220 1840 338 1895 persona
354 1822 445 1894 Pater,
456 1833 483 1882 et
493 1824 673 1895 aliusFilius,
688 1828 730 1885 sic
740 1827 815 1884 aliud
827 1828 897 1885 dici·
946 1828 1010 1887 dico
1023 1828 1087 1902 quia
1102 1828 1189 1885 Filius
1204 1829 1258 1885 hoc
1270 1828 1360 1901 ipsum
1371 1826 1436 1885 lacit
1446 1826 1520 1900 quod
1530 1826 1611 1884 Pater
1622 1826 1698 1884 lacit.
1713 1826 1742 1883 Sl

102 1928 156 1987 tor,
170 1932 234 1974 cum
249 1916 336 1974 Filius
349 1916 510 1975 incarnatus
532 1919 644 1987 dicitur,
660 1934 744 1991 quam
759 1920 897 1977 diceretur
910 1905 933 1963 Β
946 1931 1038 1980 sutem
1051 1937 1102 1994 ego
1114 1922 1227 1979 domum
1238 1921 1411 1989 redillcarem,
1422 1928 1449 1977 ct
1460 1930 1488 1977 tu
1499 1920 1622 1977 eamdem
1636 1934 1743 1977 mecum

102 2013 126 2069 si
146 2010 229 2067 Pater
255 2010 416 2067 incarnatus
429 2011 576 2068 diceretur.
597 2009 677 2069 Nunc
698 2010 782 2084 igitur
800 2026 897 2069 conse·
947 2016 1097 2072 aedillcares
1123 2014 1247 2082 domum,
1276 2012 1339 2069 dico
1361 2012 1434 2086 quod
1453 2012 1523 2069 idcm
1541 2010 1646 2068 laceres
1670 2010 1744 2083 quod

102 2110 254 2175 quensest,
270 2103 294 2159 si
306 2102 393 2159 Filius
407 2119 517 2159 carnem
530 2104 691 2175 assumpsit,
716 2103 820 2162 idcireo
834 2119 897 2161 car·
948 2122 1010 2181 eqo.
1038 2106 1127 2163 Etiam
1152 2106 1246 2162 verius
1272 2120 1374 2171 unum,
1401 2104 1466 2176 quia
1493 2103 1612 2175 idipsum
1637 2110 1665 2159 ct
1689 2118 1743 2159 non

102 2214 165 2253 nem
179 2196 365 2268 assumpsisse
377 2206 405 2254 et
417 2197 537 2267 Patrem,
558 2198 630 2255 sicut
652 2214 824 2271 consequens
841 2212 897 2255 non
948 2200 1040 2268 aliud;
1059 2214 1111 2255 nec
1128 2206 1219 2254 tamen
1234 2212 1300 2254 rere
1310 2196 1401 2255 adhuc
1420 2212 1505 2253 unum
1519 2196 1585 2267 quia
1597 2204 1626 2253 tu
1639 2206 1744 2269 partem

101 2300 152 2355 est,
166 2288 191 2345 si
205 2288 294 2345 lilius
307 2289 360 2345 silri
372 2304 483 2345 carnem
498 2289 597 2357 univit,
610 2304 721 2347 earnem
737 2290 790 2347 sibi
804 2290 900 2347 unisse
948 2308 1045 2360 unam,
1060 2299 1087 2347 et
1101 2306 1153 2363 ego
1165 2288 1296 2359 alteram3
1312 2298 1341 2345 tu
1354 2288 1545 2346 instrumentis
1557 2289 1622 2359 tuis,
1636 2304 1686 2363 eqo
1702 2290 1746 2345 in-

103 2380 264 2438 etl’atrem.
290 2381 469 2453 Consequens
492 2393 588 2438 autem
610 2391 663 2450 est,
682 2383 747 2456 quia
767 2384 792 2441 si
812 2382 899 2441 Filius
949 2384 1111 2443 strumentis
1126 2382 1211 2452 mcis;
1228 2391 1257 2441 tu
1274 2381 1402 2439 maninus
1413 2389 1441 2439 et
1450 2382 1559 2440 lacertis
1576 2380 1641 2451 tuis,
1655 2390 1683 2438 ct
1695 2397 1746 2457 eqo

107 2474 160 2529 sibi
171 2489 284 2530 earnem
296 2472 395 2543 univit,
414 2474 540 2530 eamdem
554 2489 665 2531 manem
684 2475 737 2547 ipsi
754 2475 824 2531 Filio
837 2476 900 2531 uni-
950 2478 1029 2535 meis.
1042 2475 1165 2548 liertique
1176 2482 1206 2531 tu
1221 2474 1327 2532 uiribus
1339 2474 1465 2547 misego
1480 2472 1570 2531 meis:
1586 2480 1614 2531 ιι
1623 2473 1680 2543 jam
1691 2489 1747 2529 non

104 2566 177 2623 risse
191 2576 220 2623 et
235 2565 355 2635 Patrem,
368 2566 433 2637 quia
450 2567 515 2623 dum
535 2583 590 2624 una
608 2568 754 2641 utriusque
777 2568 900 2639 operatio
950 2584 1014 2626 vere
1031 2584 1128 2636 unum,
1143 2566 1190 2624 sed
1204 2568 1232 2623 in
1246 2566 1300 2623 alin
1313 2576 1342 2623 et
1351 2581 1399 2639 per
1409 2564 1473 2622 alin.
1488 2564 1617 2638 Nunquid
1630 2566 1670 2623 sic
1685 2564 1748 2621 dico

104 2658 269 2725 ostenditur,
283 2674 336 2715 nec
348 2656 434 2715 Filios
445 2658 505 2715 sine
515 2656 608 2727 Patre,
620 2673 672 2716 nec
689 2658 771 2715 Pater
780 2658 842 2742 sine
855 2658 901 2714 Fi·
951 2653 1014 2719 enin
1028 2662 1107 2729 dieo;
1129 2660 1195 2732 quia
1210 2658 1298 2717 Filius
1316 2658 1369 2715 hoe
1384 2655 1558 2729 ipsrrm,lacit
1573 2658 1647 2731 quod
1666 2657 1749 2717 Pater

104 2750 142 2805 lio
151 2757 282 2821 operatus
293 2750 508 2807 demonstratur.
529 2748 558 2805 st
572 2757 664 2807 autem
680 2749 762 2807 Pater
771 2750 825 2807 sliri
837 2764 900 2807 car·
952 2753 1036 2811 lacit?
1051 2750 1122 2824 Ergo
1142 2752 1251 2809 aliaest
1268 2764 1367 2808 manus
1381 2748 1455 2819 Filii,
1470 2758 1497 2806 et
1519 2748 1573 2807 alia
1585 2758 1627 2807 est
1639 2749 1748 2821 l‘atrit3

105 2857 168 2898 nem
194 2840 340 2908 induisset,
354 2849 382 2897 ιι
400 2842 487 2897 Filius
506 2840 571 2910 silri,
590 2858 647 2899 non
661 2842 714 2899 lroc
730 2841 801 2899 idem
816 2851 902 2911 essct,
952 2846 1027 2903 aliud
1040 2843 1185 2901 brachium
1200 2842 1274 2912 Filii,
1289 2851 1316 2899 et
1328 2842 1403 2899 aliud
1414 2841 1558 2899 brachium
1572 2841 1678 2913 intrim
1693 2843 1750 2901 alia

107 2934 153 2991 sed
177 2933 263 3001 aliud,
283 2934 414 3005 qnoniam
436 2934 465 2989 in
478 2950 513 2992 eo
526 2933 655 3007 ipsonon
673 2934 769 2993 cadem
789 2936 903 2994 demon·
952 2939 1041 2996 virtus
1066 2936 1139 3005 lilii,
1162 2934 1215 2991 alia
1234 2935 1322 2993 virtus
1336 2933 1437 3003 Patris,
1453 2950 1515 2992 cunr
1531 2934 1590 3007 ipse
1610 2934 1697 2993 Filius
1720 2946 1749 2993 ιι

107 3035 241 3083 straretur
248 3028 382 3098 operatio,
397 3028 471 3100 quod
491 3043 548 3084 non
563 3027 599 3085 ad
615 3029 742 3086 eumdem
757 3037 904 3103 utromque
953 3046 1064 3098 manus,
1077 3038 1105 3086 ιι
1116 3028 1271 3097 brachium,
1284 3034 1312 3083 et
1323 3027 1411 3083 virtus
1422 3027 1458 3083 sit
1467 3024 1573 3085 Patris?
1584 3024 1662 3085 Sicut
1676 3026 1749 3085 idem

107 3120 177 3176 lacta
188 3119 352 3192 probaretur
364 3120 471 3177 relatio.
490 3119 570 3179 llunc
581 3131 673 3179 autem
687 3124 903 3195 assumptionem
953 3123 1079 3197 estquod
1094 3124 1178 3180 homo
1190 3136 1272 3178 manu
1290 3118 1365 3189 lacit,
1382 3128 1410 3177 ct
1423 3120 1496 3192 quod
1517 3136 1617 3179 manus
1628 3121 1750 3179 hominis

108 3215 166 3269 sire
186 3214 317 3270 unionem
343 3213 435 3269 carnis
454 3221 482 3271 et
504 3214 584 3273 Pater
611 3223 741 3287 operatus
764 3226 816 3284 est,
837 3216 904 3289 quia
955 3216 1042 3285 iacit;
1062 3224 1090 3273 et
1103 3215 1177 3288 quod
1196 3214 1279 3271 ltomo
1297 3210 1411 3270 brachio
1439 3212 1514 3281 lacit,
1536 3222 1564 3271 ct
1589 3212 1664 3285 quod
1684 3214 1750 3271 hra-

108 3320 192 3361 carne
214 3306 305 3361 induit
322 3305 435 3373 Filium,
452 3316 481 3364 et
500 3306 588 3366 Filius
609 3317 740 3381 operatus
765 3320 818 3379 est,
837 3312 903 3382 quia
955 3310 1049 3367 chium
1069 3308 1191 3365 hominis
1206 3304 1292 3375 iacit3
1306 3314 1333 3362 et
1350 3305 1423 3377 quod
1439 3305 1523 3363 homo
1536 3304 1696 3363 fortitudine
1706 3305 1752 3363 ia·
1855 3370 1860 3379 ⁸

107 3412 191 3454 earne
200 3397 292 3454 induit
303 3397 584 3470 semetipsum3etiuit
601 3415 657 3457 nna
668 3398 770 3457 unioet
778 3402 903 3473 operatio
954 3403 1001 3470 cit,
1023 3411 1052 3459 ιι
1067 3400 1142 3474 quod
1159 3400 1292 3457 fortitudo
1314 3396 1436 3455 lrominis
1457 3397 1533 3455 iacit.
1550 3396 1597 3455 Sic
1613 3398 1686 3457 idem
1708 3408 1752 3457 est

108 3505 175 3547 una.
198 3489 348 3561 Propterea
362 3490 507 3561 uniouna,
527 3492 593 3565 quia
615 3492 689 3563 quod
715 3492 824 3550 unitum
849 3502 903 3561 est,
954 3490 1030 3565 quod
1053 3490 1133 3547 Pater
1149 3490 1264 3557 iacit,ct
1283 3488 1357 3561 quod
1379 3488 1467 3547 l'ilius
1489 3488 1568 3559 iacit;
1590 3491 1655 3563 quia
1669 3506 1753 3548 omne

109 3582 158 3637 uni
172 3582 280 3638 unitum
294 3592 355 3651 est;
375 3592 518 3655 propterea
530 3584 652 3655 operatio
668 3599 734 3651 una,
748 3585 814 3657 quia
829 3583 905 3655 qnod
955 3584 1030 3659 qnod
1047 3582 1127 3640 Pater
1138 3581 1214 3651 iacit,
1234 3596 1283 3653 per
1300 3581 1400 3639 Filium
1421 3579 1496 3639 lacit.
1515 3580 1544 3639 Si
1561 3585 1681 3641 essentia
1696 3601 1752 3643 una

110 3676 213 3733 iactum
232 3684 276 3733 cst
290 3676 387 3733 inuno
401 3676 503 3733 tamum
513 3686 565 3734 est.
586 3676 654 3735 Tres
670 3678 864 3749 operabantur,
877 3685 906 3733 ιι
954 3684 1008 3742 ιιι,
1020 3675 1045 3733 si
1056 3684 1153 3731 natura
1166 3688 1231 3742 una,
1244 3674 1267 3729 si
1281 3671 1419 3759 fortitudo!
1429 3690 1495 3745 una,
1511 3674 1535 3733 si
1546 3677 1674 3734 voluntas
1684 3694 1751 3745 uno,

111 3786 167 3825 non
182 3769 254 3839 tria3
269 3769 319 3827 sed
336 3770 623 3842 ununsopcralrantur,
636 3780 665 3827 ιι
683 3770 758 3843 quod
776 3769 859 3825 lleltat
877 3779 906 3825 et
955 3768 1095 3841 quomodo
1107 3780 1161 3823 non
1177 3775 1218 3823 est
1232 3780 1287 3823 una
1298 3764 1438 3837 operatiol
1451 3766 1525 3824 Dicis
1535 3770 1600 3840 quia
1615 3770 1673 3827 lraec
1686 3768 1753 3827 lacit

112 3861 195 3917 unius
209 3870 280 3929 erat,
293 3871 429 3933 quantum
444 3862 478 3917 ad
491 3862 568 3917 illum
582 3861 672 3917 solum
685 3861 787 3919 lactum
805 3870 858 3929 est,
878 3869 907 3918 ct
955 3857 1046 3917 Pater.
1057 3856 1262 3933 Egodicoalloc
1274 3858 1363 3929 ipsum
1379 3857 1470 3927 Pater,
1484 3860 1537 3917 lroc
1552 3860 1641 3932 ipsum
1656 3860 1755 3935 Filius,

112 3951 195 4006 trium
208 3959 279 4019 erat,
291 3959 426 4022 quantum
440 3952 539 4008 abillis
551 3950 665 4008 lactum.
957 3960 1046 4010 totum
1068 3953 1148 4009 Pater
1160 3960 1188 4009 et
1205 3959 1292 4008 totum
1308 3948 1404 4007 Filius.
1426 3950 1518 4023 lpsum
1544 3952 1634 4010 facere
1650 3953 1751 4023 Patris,

147 4042 261 4116 legitur
286 4044 315 4099 in
344 4043 415 4099 libro
433 4041 559 4101 iudicum
580 4046 646 4115 quia
669 4044 769 4101 Manno
791 4060 905 4101 uxorem
958 4046 1020 4103 rittt
1035 4055 1087 4105 est.
1110 4044 1172 4101 Noli
1192 4060 1309 4117 pensare
1323 4043 1402 4116 quasi
1428 4044 1498 4101 duas
1521 4044 1654 4114 actiones,
1668 4062 1753 4104 urtam

113 4136 218 4207 aceepit
229 4134 286 4193 ilio
298 4150 351 4193 sno
361 4134 478 4192 Samson
490 4135 592 4207 (dadin
607 4137 680 4209 ιιιι),
688 4152 739 4193 ιιι
748 4146 839 4194 tamen
853 4136 907 4193 siltl
959 4138 1103 4209 majorem,
1119 4152 1203 4193 unam
1218 4136 1370 4204 miuorcm;
1395 4141 1443 4192 aut
1454 4133 1526 4193 lortc
1538 4136 1636 4193 similis
1649 4140 1753 4209 ponde·

114 4243 228 4283 oaorem
244 4228 361 4299 accepit,
376 4228 441 4299 quia
463 4226 520 4284 ilio
541 4243 655 4285 uxorem
674 4230 789 4299 aceepit.
808 4226 843 4283 lit
856 4242 906 4299 po·
959 4229 999 4287 ris
1013 4228 1132 4301 equales
1145 4228 1229 4297 duas;
1245 4228 1337 4286 unitss
1353 4226 1406 4285 sibi
1419 4236 1472 4299 cst,
1484 4228 1554 4284 uilril
1566 4228 1729 4302 multiplices
1745 4250 1751 4289 :

114 4320 236 4377 stnhbat
245 4320 319 4376 lilius
329 4328 446 4392 putrem,
457 4330 488 4376 ut
499 4320 551 4377 sibi
563 4336 677 4377 nrorean
687 4321 814 4393 acclpiat,
827 4320 908 4391 quasi
960 4335 1016 4376 una
1032 4326 1075 4376 est
1088 4319 1161 4376 actio
1176 4320 1293 4375 duorum
1304 4320 1333 4375 in
1348 4334 1415 4388 uno,
1430 4318 1526 4389 nium,
1540 4319 1611 4376 actio
1623 4336 1688 4387 una,
1701 4321 1757 4379 sic·

113 4425 166 4483 per
178 4426 209 4469 se
223 4412 301 4469 solus
312 4412 366 4469 lroc
379 4411 469 4468 lacere
483 4426 539 4468 oon
553 4412 650 4484 possit,
666 4421 694 4469 et
706 4427 789 4469 nemo
804 4421 847 4469 est
861 4412 909 4484 qui
961 4422 992 4469 ut
1002 4412 1090 4469 deitas
1104 4427 1159 4469 una
1169 4429 1177 4481 ;
1189 4421 1216 4469 et
1227 4412 1255 4468 in
1266 4426 1322 4469 una
1337 4413 1445 4469 actione
1458 4421 1525 4480 tres,
1540 4426 1595 4468 non
1607 4420 1663 4469 tres
1673 4429 1757 4487 apen-

32 4568 33 4579 *
113 4513 322 4577 argumentetur
332 4513 364 4561 ut
376 4503 592 4576 dicatSipatcr
604 4505 660 4561 lilio
670 4518 784 4563 uxorem
794 4505 908 4577 accepit,
961 4512 1003 4559 tes
1019 4512 1093 4571 ιιιιι,
1112 4503 1247 4561 sedunus
1261 4518 1356 4577 agens,
1372 4503 1445 4561 sicut
1458 4504 1486 4560 in
1503 4502 1604 4561 deitate
1616 4519 1671 4561 una
1687 4514 1754 4574 tres,
1872 4530 1878 4539 ·

33 4610 35 4644 t
112 4611 184 4669 ergo
195 4613 309 4655 uxorem
326 4596 431 4669 accepit
445 4605 532 4669 pater,
553 4604 582 4653 ιι
603 4597 751 4653 contendat
763 4606 909 4652 uxoratum
925 4610 948 4665 ι)
963 4610 1018 4651 ιιι
1035 4594 1140 4653 ιιιιι111
1156 4602 1231 4662 sunt,
1244 4596 1292 4653 sed
1305 4612 1388 4653 unus.
1400 4594 1490 4663 Pater,
1503 4604 1529 4654 et
1543 4594 1639 4665 Filius,
1653 4607 1680 4654 ct
1691 4594 1756 4668 Spi-

35 4709 36 4712 ¹
112 4699 309 4761 esscpatrem,
323 4689 456 4762 quintilio
469 4688 575 4761 aceepit
589 4704 713 4745 uxorem.
732 4688 823 4755 Quare
844 4702 911 4760 erqo
962 4688 1032 4743 ritus
1056 4695 1180 4755 sanctus,
1199 4694 1255 4744 tres
1267 4702 1393 4759 persona
1410 4696 1484 4757 suot,
1499 4686 1548 4745 sed
1568 4696 1623 4745 tres
1642 4687 1680 4745 dil
1700 4702 1755 4747 non

113 4780 278 4837 incarnatus
295 4780 403 4837 dicatur
412 4796 475 4839 ease
489 4780 580 4850 Pater,
597 4781 663 4853 quia
687 4779 758 4837 Filio
773 4795 825 4838 suo
847 4796 912 4837 car·
962 4788 1038 4845 sunt,
1051 4796 1103 4837 nec
1116 4790 1171 4839 tres
1185 4788 1333 4846 creatores,
1349 4796 1400 4837 nec
1422 4788 1477 4837 tres
1497 4778 1625 4846 lectores,
1645 4782 1711 4851 quia
1727 4781 1755 4838 in

111 4886 185 4927 nem
200 4873 297 4943 nulrit,
323 4874 395 4931 sicut
419 4873 479 4945 ipse
505 4872 591 4931 Filius
613 4874 773 4931 incarnatos
800 4874 911 4943 dicitur,
962 4871 1182 4943 eoquod,unum
1206 4877 1280 4937 sunt,
1291 4870 1375 4927 dividi
1395 4885 1451 4927 non
1466 4879 1591 4941 possunt.
1612 4871 1759 4940 Quaecum·

109 4964 186 5036 quia
198 4966 250 5023 silli
271 4980 384 5024 carnem
402 4967 557 5037 ooputaritt
575 4967 682 5038 Sponsa
703 4966 814 5038 quippe,
830 4964 912 5025 teror
963 4980 1019 5038 que
1040 4979 1106 5037 erqo
1119 4962 1201 5020 Pater
1218 4962 1293 5030 lacit,
1314 4962 1373 5019 trac
1385 4969 1414 5019 et
1433 4962 1520 5021 Filius
1532 4962 1702 5035 iacitlleorr.
1717 4968 1758 5039 r).

108 5070 188 5111 carro
196 5065 247 5125 est,
263 5066 292 5114 ιι
311 5057 461 5129 assumpsit
472 5057 546 5113 illam
561 5055 682 5114 Verbum
695 5056 760 5124 sili,
785 5064 813 5111 et
833 5055 915 5113 Pater
965 5055 1107 5124 Similiter,
1125 5053 1191 5127 quid
1213 5054 1301 5127 magis
1315 5053 1404 5111 simile
1423 5068 1484 5112 esse
1498 5063 1588 5127 potest
1600 5072 1685 5129 quam
1696 5060 1761 5117 uni·

108 5145 205 5205 vemt
222 5150 349 5207 similiter
372 5148 463 5207 Verbo
487 5165 540 5207 suo
555 5148 645 5205 univit
671 5162 749 5217 eam,
765 5157 794 5203 ιι
810 5147 914 5219 operati
964 5150 1025 5206 tasi
1038 5146 1182 5217 Quomodo
1201 5144 1286 5203 dividi
1307 5152 1396 5217 potest
1412 5144 1486 5215 qnod
1499 5147 1674 5219 multiplicari
1703 5163 1758 5205 nou

105 5250 191 5297 sunt
209 5242 264 5300 duo
287 5259 386 5313 unum,
410 5252 439 5299 ct
458 5240 512 5299 luit
531 5242 559 5298 in
582 5256 640 5299 uno
653 5240 783 5312 ‘operatio
797 5240 915 5297 duorum
965 5249 1065 5315 potest,
1079 5236 1475 5313 autquomodoasereoedere
1487 5248 1578 5311 potest
1589 5242 1662 5314 qnod
1673 5256 1758 5298 uuum

104 5344 192 5386 um
199 5330 343 5405 Propterea
354 5333 412 5390 ait:
427 5330 625 5403 ‹Quacmque
634 5330 715 5387 Pater
727 5328 802 5398 iacit,
819 5332 878 5387 naec
887 5338 917 5387 ιι
967 5330 1079 5403 estillic
1095 5346 1161 5405 ergo
1174 5331 1295 5399 mireris,
1319 5330 1343 5389 si
1360 5332 1576 5405 assumptionem
1593 5332 1684 5391 carnis
1698 5348 1761 5403 quae

102 5423 211 5483 Filius
221 5427 348 5487 similiter
363 5427 440 5486 lacit.
455 5446 465 5481 ι
487 5426 560 5494 linc,
572 5426 672 5498 inquit,
683 5424 806 5483 etFilius
816 5425 917 5483 simili·
967 5426 1003 5482 ad
1014 5424 1103 5483 solum
1118 5423 1217 5480 Filium
1231 5422 1360 5492 refertor,
1376 5436 1431 5480 non
1444 5425 1521 5482 solus
1533 5424 1619 5483 Filius
1631 5432 1762 5497 operatua

100 5528 168 5575 aer
185 5515 252 5577 lacit
273 5520 346 5590 Quid
359 5530 403 5578 est
419 5520 497 5577 eliac
506 5520 538 5575 1ι
552 5517 614 5575 lion
626 5518 692 5575 alia.
711 5517 784 5586 Quid
795 5525 839 5575 cst
853 5535 863 5569 r
878 5516 918 5576 si·
966 5526 1020 5587 ιιι,
1034 5518 1081 5575 scd
1092 5532 1156 5575 cum
1170 5514 1240 5573 Filio
1254 5515 1336 5572 Pater
1349 5517 1432 5575 etiam
1452 5526 1480 5574 ιι
1495 5515 1612 5589 Spiritus
1635 5525 1758 5575 sanctus.

56 5627 59 5636 ·
99 5606 243 5670 mittor?
257 5632 268 5668 ι
284 5610 346 5670 lion
358 5612 448 5670 aliter.
459 5610 520 5669 lion
530 5618 637 5682 poterat
646 5609 738 5666 unitas
748 5608 918 5680 operationis
966 5606 1061 5683 Neque
1077 5608 1180 5667 idcirco
1194 5618 1250 5666 trcs
1261 5609 1417 5665 incarnatos
1429 5608 1542 5677 dixeris,
1552 5607 1618 5681 qula
1630 5609 1754 5665 incarna-

97 5696 271 5774 perierim
294 5704 489 5763 demonstrari.
511 5701 573 5759 lion
586 5700 651 5759 alis.
670 5698 731 5757 Non
755 5701 855 5758 aliter:
870 5715 918 5757 ea·
967 5700 1071 5757 tionem
1083 5700 1166 5757 onius
1177 5688 1232 5757 tres
1242 5700 1346 5771 operati
1356 5708 1432 5769 sunt,
1442 5700 1508 5771 quia
1522 5699 1641 5757 Trinitas
1656 5708 1762 5759 naturre

96 5796 334 5859 demeeoden
354 5797 447 5856 modo.
467 5796 497 5854 st
517 5797 613 5854 eadem
634 5802 804 5869 operaretur,
818 5804 848 5853 et
861 5810 918 5851 non
969 5790 1177 5863 inseparabilem
1193 5791 1258 5848 lacit
1268 5790 1469 5863 operationem,
1481 5798 1510 5849 ιι
1532 5789 1682 5863 proprietas
1696 5806 1756 5863 per·

93 5884 217 5945 ’ΜΘΝ
237 5892 326 5951 modo
350 5899 518 5964 operaretur.
538 5886 666 5959 Operatio
693 5903 748 5946 una
771 5902 826 5945 non
845 5898 919 5947 essct
970 5898 1044 5941 sorra
1056 5882 1221 5957 singrrtnrem
1237 5882 1463 5955 assumptionem.
