4017 6342
108 308 178 365 luat
575 304 640 361 DEF
642 302 860 361 tentriones
879 302 929 361 SS.
952 302 1107 361 berault
1128 333 1164 343 -
1187 300 1253 357 utu.
1273 296 1322 358 11.’
1681 303 1753 359 idib

108 421 202 491 sperit
218 422 254 479 ad
271 438 388 479 munera
414 422 490 487 Abel,
514 431 542 477 et
564 416 687 475 addaiu
713 433 827 474 munera
850 432 906 473 non
920 420 944 479 Α
958 413 1752 487 subministrat.flancttaquecurdismenditiatnetaequa-

109 510 252 584 respexit;
279 514 327 571 sed
347 514 426 585 prius
439 514 478 569 ait
490 533 496 568 ι
510 511 574 583 quia
593 511 712 582 respexit
725 510 757 566 ad
773 510 857 575 llbel;
873 526 906 567 ac
958 510 1109 567 nimitatcm
1128 510 1230 565 babere
1253 524 1304 564 nos
1327 509 1451 565 bortatur
1465 508 1597 566 Dominus
1613 511 1639 564 in
1653 524 1752 568 recon-

110 608 212 665 deinde
226 607 365 663 subdidit:
379 606 571 663 etadmuucra
587 602 657 674 ejus,
672 611 701 657 et
715 618 826 657 rursum
841 602 906 657 dicit
957 600 1094 655 ciliatione
1111 598 1215 668 fratris,
1233 616 1296 656 cum
1311 601 1344 655 ad
1358 602 1442 657 altare
1460 618 1560 657 munus
1583 602 1681 659 ollcrre
1701 619 1751 661 vo·

111 700 176 773 quia
190 716 248 757 non
262 700 385 769 respexit
396 698 430 753 ad
447 696 526 764 Cain,
541 711 573 751 ae
585 695 682 751 deinde
697 693 817 750 subdidit
831 702 858 747 et
872 692 907 749 ad
956 690 1092 747 luerimus
1109 690 1219 763 (lluttd.
1243 692 1283 764 v).
1309 691 1347 749 De
1361 709 1417 765 quo
1441 709 1554 749 munere
1565 704 1592 749 ct
1614 696 1642 750 in
1661 694 1751 752 obicio

111 807 228 847 munuera
242 792 313 862 ejus.
333 790 372 845 Es
385 791 474 847 delatis
489 789 589 860 quippe
603 786 685 843 corde
699 786 726 841 id
741 786 813 857 quod
828 785 908 841 datur
959 783 1051 837 missae
1063 784 1164 839 dicitur
1178 804 1184 839 :
1198 782 1261 839 llaec
1276 784 1358 852 dona,
1385 784 1445 840 haec
1467 801 1591 841 munera.
1623 784 1750 843 Solemus

112 883 257 955 accipitur.
282 882 388 940 Idcirco
412 897 466 937 non
488 880 555 935 niret
575 895 608 936 ex
625 878 797 945 muneribus,
812 877 859 932 sed
874 893 906 931 es
958 871 1021 927 illos
1032 889 1178 930 munerare
1197 874 1328 946 aquibus
1342 876 1445 947 aliquid
1461 878 1591 932 molimur
1613 878 1747 935 obtinere.

110 976 179 1031 Abel
204 991 321 1031 munera
341 974 504 1044 placuerunt
517 973 617 1029 oblata.
646 970 727 1026 Prius
743 983 861 1039 uanique
874 966 907 1023 ad
957 958 1035 1017 Unde
1051 964 1169 1020 Domino
1190 964 1217 1019 in
1231 964 1367 1021 oblatione
1388 977 1481 1023 nostra
1494 968 1622 1037 dicimus,
1639 970 1749 1039 quarrdo

109 1082 173 1121 cnm
191 1068 292 1139 legitur
308 1066 441 1121 Dominus
456 1062 610 1134 respexisse
624 1062 671 1133 qtti
684 1062 766 1117 dabat
777 1074 859 1131 quatu
873 1057 907 1113 ad
957 1056 1032 1109 illam
1059 1056 1111 1111 sibi
1127 1058 1156 1111 iu
1169 1058 1316 1121 {munditia
1341 1060 1433 1114 cordis
1455 1060 1617 1117 offerimus:
1636 1060 1706 1129 Quia
1722 1072 1750 1119 te

108 1157 155 1212 illa
172 1173 236 1227 quse
256 1157 348 1224 dabat,
370 1168 399 1212 ut
416 1156 509 1211 audito
525 1154 628 1210 scilieet
643 1151 810 1209 narrationis
825 1150 907 1219 liujus
956 1162 1027 1217 panc
1044 1155 1153 1203 terreno
1172 1164 1359 1217 muneramus,
1383 1148 1427 1206 lac
1458 1161 1489 1206 ut
1517 1153 1580 1209 inde
1607 1155 1748 1211 coelestem

106 1250 208 1305 ordine
222 1249 364 1305 discamus
383 1248 448 1319 quia
468 1248 603 1305 exteriora
625 1262 738 1303 munera
752 1261 786 1299 cx
800 1245 907 1300 interna
957 1240 1141 1297 obtineamus.
1173 1239 1243 1308 Quia
1264 1255 1291 1297 te
1313 1243 1449 1312 corporali
1470 1246 1533 1299 cibo
1558 1262 1749 1315 muneramus,

105 1340 202 1397 cordis
225 1341 361 1397 munditia
383 1341 557 1408 condiuntur,
572 1349 599 1395 et
621 1339 795 1396 discretionis
817 1336 903 1391 uirtus
958 1331 1001 1389 lae
1016 1342 1046 1387 ut
1060 1333 1122 1387 inde
1134 1334 1293 1389 alimentum
1307 1334 1429 1405 spiritale
1450 1350 1664 1408 eotrsequamur.
1679 1338 1750 1405 Quia

104 1436 239 1491 lectorem
255 1435 353 1491 doceat
369 1433 459 1506 qualis
482 1433 552 1505 apud
577 1449 607 1491 se
627 1448 689 1489 csse
711 1432 816 1497 dcbcat,
841 1444 903 1483 cnm
956 1434 981 1481 te
1005 1441 1184 1481 nruneramus
1201 1426 1399 1483 insubstantia
1420 1427 1499 1497 panis
1520 1436 1547 1483 et
1568 1429 1695 1493 vinitas
1718 1439 1751 1487 ut

104 1529 247 1585 exteriora
262 1528 346 1595 boue,
359 1542 413 1584 non
427 1527 516 1583 solutu
532 1525 596 1594 Dco,
619 1524 760 1582 sedetiam
778 1522 903 1593 proxinrn
955 1517 1019 1571 inde
1033 1516 1217 1587 percipiamus
1231 1533 1330 1590 corpus
1344 1528 1372 1575 et
1388 1518 1550 1590 sanguinem
1561 1517 1674 1576 Christi.

660 1875 913 1959 DOMINICA
967 1877 1206 1959 SEPTlMl.

747 2074 929 2139 Secundum
948 2076 1105 2139 Marcum.

141 2256 151 2289 ι
169 2237 243 2295 Cum
267 2238 353 2293 multa
375 2238 454 2294 turba
470 2246 543 2294 esset
564 2254 626 2294 eum
648 2235 723 2305 iesu,
747 2239 903 2297 conuocatis
918 2253 939 2307 Β
954 2242 988 2296 ab
1003 2241 1190 2311 omnipotente
1210 2238 1267 2296 Deo
1287 2240 1396 2313 longius
1412 2241 1535 2297 recessit.
1558 2240 1627 2297 Nam
1641 2251 1668 2298 et
1681 2258 1746 2315 pro·

101 2328 252 2401 discipulis
279 2330 337 2386 suis
362 2328 449 2386 dixit:
475 2330 606 2386 Misereor
630 2331 726 2397 turba,
752 2331 816 2400 qnia
841 2346 904 2387 ecce
955 2334 1034 2405 digus
1049 2333 1121 2388 lilius
1136 2333 1183 2404 qui
1197 2341 1302 2403 patrem
1323 2333 1454 2400 deseruit,
1473 2333 1540 2389 abiit
1562 2334 1591 2388 iu
1606 2334 1746 2405 regionem

101 2422 200 2477 triduo
214 2422 272 2493 jam
285 2431 460 2493 perseverant
474 2439 594 2490 nrecutn,
606 2436 632 2479 et
647 2439 701 2478 non
717 2424 816 2479 babent
830 2422 904 2494 quod
955 2423 1142 2495 longinquam,
1157 2424 1184 2478 in
1197 2440 1251 2495 gira
1272 2441 1371 2496 porcos
1389 2426 1474 2496 pavit,
1490 2426 1555 2496 quia
1570 2426 1636 2481 vitia
1655 2424 1746 2481 nutri·

100 2514 286 2582 nranducent,
310 2523 337 2569 et
359 2513 495 2570 dimittere
508 2506 555 2571 eos'
573 2514 682 2585 jejunos
696 2514 761 2569 nolo
782 2528 817 2568 ne
838 2513 904 2568 deli·
932 2504 938 2515 ’
953 2515 1002 2571 uit.
1025 2515 1129 2571 Dentur
1142 2516 1226 2588 igitur
1237 2517 1364 2573 alimenta
1380 2517 1421 2573 eis
1434 2518 1516 2572 ctiam
1531 2516 1578 2589 qui
1592 2518 1626 2573 de
1639 2518 1749 2589 longin-

99 2606 181 2661 ciant
203 2606 233 2661 in
251 2606 308 2673 uia,
330 2612 411 2660 etc.»
435 2604 532 2677 (llaec.
546 2606 618 2677 vnn)
644 2604 713 2672 Quia
736 2603 904 2660 infidelitatis
954 2621 1010 2677 quo
1029 2606 1154 2673 ueniunt,
1175 2606 1240 2676 quia
1254 2606 1393 2661 conversis
1409 2607 1600 2677 peccatoribus
1616 2608 1748 2663 doctrinae

98 2714 184 2754 error
209 2696 389 2753 insolentium
415 2696 522 2752 animus
549 2696 697 2763 obtinebat,
723 2696 814 2766 potius
837 2696 903 2751 reli·
954 2706 1057 2753 sancte
1068 2698 1123 2753 cibi
1143 2698 1280 2768 praebcndi
1294 2706 1368 2765 sunt,
1384 2709 1415 2752 ut
1430 2699 1458 2754 in
1479 2698 1564 2753 Deum
1580 2700 1652 2755 uires
1668 2715 1747 2771 repa·

99 2790 202 2861 quisse
226 2803 273 2844 eos
287 2804 370 2860 quam
391 2786 529 2843 dimisisse
542 2788 679 2843 scribitur.
697 2786 836 2844 Convocat
851 2803 902 2841 au·
954 2798 1025 2857 rent,
1041 2804 1110 2860 qttas
1122 2790 1148 2845 in
1161 2789 1271 2862 flagitiis
1280 2791 1440 2845 amiserunt.
1456 2789 1508 2857 Qui
1530 2807 1601 2861 sape
1621 2807 1636 2847 a
1651 2792 1746 2847 docto-

99 2888 160 2934 tem
180 2878 331 2949 discipulos
346 2888 376 2933 ut
388 2876 504 2932 doceant
516 2878 662 2948 magistros
673 2893 735 2933 cunt
750 2878 902 2935 minoribns
953 2882 1031 2937 ribus
1046 2888 1122 2937 tanto
1136 2898 1249 2938 necesse
1262 2890 1304 2937 est
1322 2892 1352 2938 ut
1372 2882 1538 2956 largioribus
1556 2884 1625 2940 cibis
1644 2884 1746 2941 doctri·

98 2972 314 3027 communicare
329 2970 444 3025 eotrsilia
460 2985 521 3037 sua,
541 2970 583 3025 vel
606 2968 677 3034 ideo,
693 2978 722 3024 ut
735 2977 762 3025 et
781 2970 901 3026 collocu-
953 2990 995 3031 nae
1017 2974 1151 3031 satientur
1173 2984 1276 3046 quanto
1300 2972 1366 3032 lessi
1391 2976 1543 3048 majoribus
1564 2977 1638 3033 vittis
1664 2993 1746 3033 uctre-

97 3062 181 3116 tione
197 3060 351 3131 intelligant
365 3060 435 3131 signi
456 3061 682 3130 magnitudinem.
705 3060 796 3116 Turba
810 3060 901 3117 triduo
952 3077 1026 3122 runt.

98 3152 255 3209 Dominum
272 3154 389 3209 sustinet
403 3153 572 3209 sanationem
587 3154 770 3217 intirmorum,
785 3166 812 3208 et
822 3152 901 3209 electi
990 3178 1000 3210 ι
1017 3158 1050 3214 Et
1062 3160 1157 3216 dicuat
1173 3160 1198 3215 ei
1216 3160 1345 3231 discipuli
1360 3181 1367 3217 ι
1383 3159 1462 3218 Unde
1480 3176 1546 3233 ergo
1559 3162 1640 3217 nobis
1654 3161 1681 3216 in
1696 3161 1744 3217 dc-

95 3247 125 3303 in
144 3246 205 3302 fide
228 3244 370 3301 Trinitatis
390 3246 544 3317 supplicant
568 3242 684 3299 Domino
698 3260 747 3315 pro
762 3245 902 3316 13116υοῐὶ-
951 3258 1027 3305 serto
1049 3266 1134 3318 panes
1155 3260 1257 3319 tantm,
1272 3261 1302 3308 ut
1324 3260 1481 3308 saturemus
1497 3252 1604 3307 turbam
1624 3252 1746 3306 mutarn?

94 3341 154 3395 bus
181 3340 340 3395 animarum
364 3338 406 3394 sni
428 3338 468 3393 uel
492 3352 615 3393 suorum.
644 3334 690 3391 Vel
711 3337 801 3392 triduo
822 3336 901 3392 turba
951 3337 996 3394 Ait
1011 3339 1066 3394 illis
1080 3338 1183 3396 Jesus:
1208 3340 1280 3407 Quot
1298 3357 1384 3412 panes
1408 3343 1532 3397 habetis?
1558 3340 1592 3395 Et
1616 3342 1655 3396 illi
1670 3341 1746 3396 dixe-

94 3434 227 3490 sustinet
244 3432 401 3498 Dominum,
415 3431 525 3503 quando
540 3430 685 3485 multitudo
700 3429 819 3484 bdelium
838 3445 900 3499 pce·
951 3439 1035 3485 uuirt:
1052 3430 1161 3501 Septem
1172 3440 1200 3487 ct
1214 3449 1316 3503 paucos
1331 3434 1487 3504 pisciculos.
1500 3432 1534 3488 Et
1547 3434 1674 3505 praecepit
1687 3443 1746 3488 tur-

93 3534 163 3579 cata
180 3538 244 3594 quae
258 3523 432 3593 perpetravit,
447 3537 496 3593 per
510 3522 696 3593 poenitentiam
712 3521 853 3577 declinans
866 3520 900 3575 ad
951 3522 1002 3591 bre,
1026 3533 1055 3578 ut
1078 3524 1262 3579 discumberet
1284 3541 1366 3595 super
1391 3534 1503 3580 terram.
1522 3545 1531 3576 n
1551 3523 1611 3579 Non
1636 3524 1748 3593 otiosis,

93 3616 256 3673 Dominum
271 3630 300 3672 se
313 3617 340 3669 in
356 3630 448 3687 opere,
466 3614 492 3669 in
505 3604 642 3670 locutione
663 3623 744 3685 atque
760 3614 786 3668 in
799 3618 901 3686 cogita·
915 3620 937 3680 c
952 3630 1008 3668 non
1036 3614 1064 3669 in
1088 3616 1198 3673 civitate
1226 3616 1374 3689 synagogae
1397 3618 1441 3672 rel
1465 3617 1588 3673 saeculari
1614 3616 1746 3687 dignitate

92 3710 181 3763 tione
206 3707 351 3762 cotit'ertit.
374 3705 449 3773 Quos
463 3706 599 3760 dimittere
610 3704 719 3776 jejunos
740 3704 767 3759 in
787 3706 900 3761 aloinum
953 3707 1147 3775 residentibus,
1157 3709 1203 3764 sed
1213 3709 1398 3764 interdcsctta
1408 3707 1549 3765 Christum
1561 3709 1746 3780 qttaerentibus

92 3816 184 3857 suarn
214 3798 345 3856 Dominus
362 3814 416 3854 non
439 3799 495 3854 uult
518 3812 552 3853 nc
572 3798 699 3854 deliciunt
720 3798 745 3852 in
760 3798 816 3865 uia,
835 3798 900 3868 quia
953 3799 1072 3853 coelestis
1086 3801 1181 3869 gratiae
1202 3800 1332 3854 alimonia
1355 3801 1519 3869 impertitur.
1536 3799 1745 3867 Quirenarum

90 3892 233 3949 uidelicet
258 3893 382 3947 conversi
408 3898 564 3962 peccatores
584 3891 611 3944 iu
627 3890 768 3961 praesentis
782 3890 843 3944 uitae
856 3890 900 3944 via
952 3886 1096 3942 fastidiunt
1108 3904 1124 3942 a
1137 3887 1246 3944 Clnisto
1260 3890 1460 3959 suscipiuntur,
1471 3900 1498 3945 et
1518 3891 1705 3959 spiritualiter,
1718 3898 1747 3944 et

89 3985 247 4050 deliciunt,
272 3984 295 4039 si
312 3984 338 4039 in
354 4000 404 4040 sua
420 3984 586 4041 conscicntia
609 3982 667 4039 sinc
688 3982 818 4037 doctrinas
837 3997 901 4037 san·
952 3979 1132 4049 corporaliter
1155 3981 1249 4047 etiam,
1271 3979 1293 4034 si
1320 3979 1450 4050 indigent,
1466 3989 1606 4034 canantur.
1633 3980 1745 4051 blystice

89 4087 148 4131 ctae
173 4076 277 4147 pabulo
301 4076 485 4131 dimittuntur.
512 4074 550 4130 Ne
574 4090 638 4146 ergo
661 4074 797 4128 lassentur
818 4072 901 4142 liujus
952 4072 1146 4142 praedicatores
1167 4071 1320 4143 proiectum
1342 4071 1473 4127 mirantes
1486 4069 1743 4126 Ecclesiaedicunt:

87 4166 334 4239 peregrinationis
346 4166 590 4237 itinera,pascendi
606 4176 668 4222 sunt
684 4180 762 4223 sacra
777 4164 901 4220 admuni-
952 4162 1030 4219 Unde
1044 4164 1124 4219 uobis
1139 4172 1213 4219 tanta
1236 4163 1374 4230 iactandis,
1392 4173 1422 4217 ut
1437 4171 1476 4217 tot
1493 4163 1614 4218 millibus
1633 4172 1745 4233 lantque

87 4256 901 4331 tione.Valdeautcmpermansioestpiasententia,tptae
952 4253 1040 4309 avidis
1073 4254 1245 4309 auditoribus
1278 4252 1401 4309 sufficere
1432 4252 1570 4323 possimus
1601 4253 1629 4307 iu
1661 4252 1745 4323 buius

86 4352 284 4425 processitex
300 4368 348 4408 ore
362 4353 485 4408 ueritatis
502 4370 508 4407 :
523 4352 596 4423 qttod
611 4350 720 4407 llarcus
735 4350 790 4405 ait:
807 4368 816 4402 ι
834 4348 900 4417 Qui·
951 4344 1046 4400 mundi
1065 4346 1183 4402 deserto.
1207 4343 1241 4400 m
1262 4360 1327 4401 uero
1352 4354 1453 4416 septem
1478 4359 1572 4415 panes,
1587 4344 1614 4400 id
1638 4354 1681 4401 est
1701 4360 1745 4401 se-

84 4444 162 4499 dam
190 4458 226 4499 ex
246 4443 287 4498 eis
309 4442 343 4499 de
366 4442 447 4515 luinge
465 4451 600 4498 venerunt
617 4440 802 4515 (licuerant.
825 4438 901 4495 »Est
952 4446 1024 4507 ptem
1041 4438 1112 4493 dona
1130 4437 1249 4509 Spiritus
1269 4438 1357 4495 saneti
1380 4436 1518 4499 sufficiunt
1541 4437 1669 4493 omatibus
1693 4438 1744 4493 ad·

84 4534 177 4589 cuim
193 4532 244 4603 qui
262 4532 330 4588 nibil
343 4532 448 4589 fraudis
460 4542 488 4589 et
502 4534 569 4588 nibil
587 4532 704 4589 carnalis
715 4531 900 4601 corruptionis
948 4532 1045 4605 juncta
1069 4534 1218 4606 apostolica
1235 4534 1408 4597 auctoritate,
1431 4532 1510 4604 quasi
1531 4546 1682 4604 paucorum
1702 4532 1744 4603 pi-

84 4634 246 4697 expertus,
269 4626 303 4681 ad
322 4626 516 4697 omnipotentis
531 4624 579 4681 Dei
594 4624 736 4681 servitium
750 4621 898 4679 festinavit.
952 4627 1040 4683 scium
1058 4641 1166 4697 sapore,
1180 4627 1228 4698 qui
1242 4643 1294 4683 uos
1307 4627 1432 4699 exemplo
1446 4642 1503 4682 suae
1515 4626 1577 4681 ritae
1591 4626 1634 4680 uel
1647 4627 1744 4685 mortis

83 4717 150 4773 iste
178 4718 215 4773 de
237 4716 386 4789 longinquo
403 4733 458 4773 non
479 4718 563 4788 venit,
577 4717 641 4789 quia
655 4732 704 4788 per
718 4714 901 4786 incorruptio-
952 4716 1085 4773 reficiant.
1099 4715 1152 4784 Qui
1166 4732 1232 4772 uero
1248 4717 1283 4773 ad
1303 4731 1406 4789 septem
1421 4733 1506 4789 panes
1518 4718 1665 4787 pertinent,
1685 4717 1744 4789 jam
1837 4769 1840 4774 .

82 4824 162 4865 nem
177 4818 208 4865 ct
226 4808 411 4866 innocentiam
425 4809 566 4881 proxitnus
581 4808 642 4863 suit.
670 4806 748 4862 lilius
763 4806 837 4861 nulla
849 4806 901 4861 im·
951 4824 1007 4865 uon
1029 4824 1112 4878 supra
1133 4807 1225 4863 lenum
1242 4808 1348 4879 sedere,
1364 4808 1412 4865 sed
1436 4818 1536 4864 terram
1554 4824 1679 4879 premere
1696 4810 1744 4881 ju-

79 4899 341 4975 pudicitia,nullis
353 4900 640 4973 Dagitiisinquinatns,
656 4898 713 4954 sola
728 4906 819 4954 autern
833 4912 900 4952 con·
951 4898 1061 4956 bentur.
1075 4898 1104 4954 ln
1118 4897 1195 4956 Nono
1210 4899 1397 4968 Testamento,
1413 4899 1500 4970 ipsam
1514 4916 1624 4972 quoque
1644 4910 1744 4957 terram

75 4996 177 5069 jugia
189 5003 321 5063 expertus
338 4994 372 5050 ad
394 4994 576 5049 ministerium
590 4990 730 5063 spirituale
740 5004 898 5046 conuersus.
915 4980 979 5047 Det
1000 4990 1144 5047 lacultates
1166 4992 1341 5063 temporales,
1357 5001 1388 5047 ut
1403 4990 1517 5063 perlecti
1540 4994 1639 5063 simus,
1661 4994 1745 5049 relin-

79 5088 199 5159 neque
224 5086 276 5142 iste
296 5088 369 5143 uenit
384 5085 418 5141 de
433 5084 592 5156 longinquo,
607 5082 672 5155 quia
694 5098 761 5138 usus
781 5082 899 5153 eonjun-
951 5098 1035 5154 quere
1049 5082 1233 5155 praecipimur.

78 5180 196 5237 ctione
220 5191 352 5233 concessa
375 5192 425 5247 per
448 5176 543 5231 illicita
558 5178 613 5230 non
627 5172 738 5228 erravit.
762 5170 815 5226 llil
836 5186 900 5227 vero
988 5176 1049 5232 «Et
1071 5178 1209 5248 accipiens
1232 5186 1334 5247 septem
1356 5193 1442 5249 panes
1465 5188 1493 5234 et
1515 5179 1616 5251 pisces,
1643 5177 1744 5249 gratius

75 5284 141 5344 per
160 5268 261 5324 cilitiis
281 5266 394 5338 flagitia,
418 5266 464 5321 11111
489 5272 551 5335 posi
573 5263 641 5321 salsa
664 5262 830 5329 testimonib,
854 5261 899 5316 {llil
951 5286 1036 5342 agens
1058 5268 1149 5341 fregit,
1175 5279 1202 5325 el
1224 5271 1298 5326 dedit
1320 5271 1463 5341 discipulis
1485 5272 1595 5338 suiffiet,
1617 5268 1744 5338 discipuli

75 5372 161 5439 post
186 5360 260 5416 sacta
285 5358 368 5427 iurta,
392 5358 438 5413 alii
460 5366 522 5428 post
544 5356 653 5444 illicitas
673 5354 828 5421 violentias,
854 5352 900 5407 alii
952 5362 1085 5418 degerunt
1105 5362 1217 5432 populo,
1240 5381 1249 5414 ‚
1278 5362 1414 5417 pompm,
1429 5363 1503 5418 (Μὴ
1519 5377 1604 5433 gage,
1621 5358 1743 5427 discipu.

74 5462 161 5529 post
178 5458 337 5522 perpetrata
356 5449 502 5504 botnicidia
526 5449 560 5503 ad
582 5446 769 5518 poetriteniiam
786 5445 900 5501 redeunt
952 5450 987 5508 lis
1014 5452 1048 5507 ad
1073 5451 1249 5507 dividendum
1278 5454 1364 5508 turbae
1386 5452 1538 5507 doctrinam
1563 5449 1742 5521 spiritualem.

74 5561 185 5619 atque
207 5544 243 5598 ad
259 5542 454 5612 omnipotentis
469 5541 516 5596 Dei
534 5540 676 5595 servitium
691 5548 896 5595 corruertuntur.
988 5542 1079 5613 fregit
1097 5558 1192 5613 panes,
1210 5543 1236 5597 id
1249 5554 1291 5598 est
1305 5544 1412 5614 aperuit
1425 5550 1607 5605 sacramenta,
1623 5540 1743 5607 seipsum

73 5642 120 5697 tlt
145 5636 283 5692 videlicet
295 5636 329 5689 ad
345 5632 430 5688 Deum
444 5634 477 5689 de
492 5634 641 5704 longinquo
653 5632 773 5688 vestiunt.
791 5630 899 5699 Quarrto
952 5635 1056 5692 scilicet
1079 5634 1126 5703 qtti
1154 5635 1234 5703 panis
1258 5645 1299 5689 cst
1318 5638 1391 5689 vitae.
1417 5654 1425 5685 ι
1450 5632 1558 5687 Gratias
1579 5634 1685 5703 egit,a
1714 5638 1744 5686 ut

71 5731 206 5794 etenim
227 5729 290 5799 plus
305 5728 422 5801 queisque
441 5730 467 5781 in
482 5742 566 5799 pravo
586 5740 667 5798 opere
681 5724 791 5796 errarit,
822 5734 898 5781 tanto
952 5726 1106 5785 ostenderet
1131 5736 1263 5797 quaestum
1287 5726 1403 5799 gaudeat
1428 5726 1461 5779 de
1484 5724 1570 5779 salute
1587 5721 1742 5791 bominum,
