4017 6342
307 338 362 397 idi
868 334 1035 395 wanhurst
1049 336 1199 397 nunnus
1216 338 1245 397 8.
1266 339 1383 397 thsll
1898 343 1936 400 lii
1989 345 1990 406 3

304 452 371 523 qnia
393 453 495 524 detepit
514 451 597 518 mala,
618 458 644 505 et
670 449 707 506 lta
722 462 779 505 non
799 449 924 505 territari
946 450 1050 517 lucem,
1068 456 1100 505 nt
1112 459 1138 517 Α
1151 451 1570 521 amandetiamamluorihns
1578 466 1676 510 reram
1686 451 1894 509 contessionem
1906 456 1937 511 h·
1989 511 1990 520 ,

305 542 337 599 ei
350 542 500 614 iungatur:
522 538 658 611 sedlnqat
671 556 706 595 ne
721 539 866 611 malaque
881 540 1101 611 diliqitarquatt·
1150 543 1216 611 ciat,
1239 544 1370 615 quonian
1385 545 1465 614 plura
1488 545 1745 616 minutalpcccata,
1763 544 1791 600 si
1811 546 1937 617 negligan-
1989 545 1990 606 i

307 640 362 688 tur.
446 658 448 663 .
1150 645 1206 703 tur,
1227 634 1367 691 occidunt
1388 633 1459 693 llam
1479 636 1593 695 minuta
1604 644 1692 708 guttae
1705 636 1814 693 damen
1828 637 1936 710 impleut
1989 661 1990 718 3

343 717 745 785 ‹Quiautemlacitrerltatem
758 721 1101 788 venitadlucemmtma·
1149 733 1179 781 et
1198 725 1305 781 minuta
1328 738 1414 796 praua
1433 740 1526 782 arcum
1543 726 1572 784 si·
1587 726 1679 784 multa
1698 734 1770 783 suut
1794 728 1937 797 opprimunt
1989 745 1990 798 t

304 806 468 863 nilestentur
488 824 571 879 opera
594 810 669 881 ejus,
679 808 746 881 quia
765 812 794 866 in
806 813 889 867 domo
902 820 967 869 sunt
987 809 1070 867 lacta.
1086 830 1096 865 r
1150 830 1259 871 narem.
1280 815 1315 872 Et
1334 817 1388 875 hoc
1401 816 1469 873 lacit
1481 818 1590 875 sentina
1610 819 1750 892 neglecta,
1763 820 1840 891 quod
1852 819 1937 879 firmus

304 896 375 964 Quia
390 898 498 955 initium
513 900 634 959 boniest
651 904 790 961 accusatio
807 905 883 972 maii,
899 905 1043 961 veritatem
1058 903 1101 959 la·
1150 907 1272 965 irruens.
1289 908 1426 967 Paulatim
1450 909 1622 983 innataqua
1642 925 1694 982 per
1718 910 1875 979 sentinam
1900 914 1936 969 at

304 988 353 1056 cit,
366 988 393 1044 id
404 998 488 1047 estea
509 993 686 1063 quaternus
700 995 786 1065 lubet.
802 994 965 1070 Quicunque
978 992 1103 1052 admoni—
1151 999 1199 1053 diu
1214 998 1344 1055 intrando
1362 1009 1390 1055 rt
1403 1016 1458 1056 non
1472 1001 1661 1057 exhauriendo
1674 1001 1780 1072 mergit
1797 1001 1936 1059 navemn

304 1086 350 1135 tus
364 1094 412 1149 per
425 1080 514 1137 lucem
529 1098 579 1139 sua
594 1083 666 1141 mala
682 1095 803 1155 accusat,
824 1096 854 1143 ut
869 1086 927 1143 haee
944 1086 1004 1157 ejus
1018 1100 1101 1143 accu-
1150 1088 1217 1159 quia
1242 1088 1317 1145 Dem
1340 1099 1499 1161 peccatores
1524 1091 1646 1162 flagellat
1666 1090 1697 1145 in
1722 1090 1780 1146 hoe
1793 1091 1892 1147 smnio
1907 1094 1934 1150 at

304 1170 414 1226 satiust
434 1172 488 1228 alia
500 1172 573 1229 bona
587 1190 648 1246 quaa
668 1174 733 1233 lecit
749 1177 960 1234 manifestentur
973 1176 1050 1248 quod
1061 1175 1099 1231 il·
1148 1179 1381 1247 emendationem,
1395 1180 1467 1238 ierto
1480 1191 1587 1257 panem
1597 1180 1791 1253 caudicum,
1803 1183 1934 1241 macula

304 1260 486 1319 luminatione
498 1264 589 1321 diuina
602 1274 667 1321 sunt
687 1266 769 1323 laeta.
783 1268 834 1335 Qui
850 1269 910 1325 vult
928 1283 994 1339 erqo
1005 1267 1100 1322 uenire
1146 1271 1269 1345 iudicem
1290 1274 1462 1347 punientem.

305 1350 455 1425 adiuuem,
475 1371 531 1413 non
552 1364 659 1415 tantum
678 1360 858 1431 aqrmdihus
871 1360 992 1437 pcccatis
1012 1356 1099 1415 absti-

883 1635 1069 1715 aanm
1119 1592 1367 1717 annuit.

944 1814 1313 1879 Secundumloonnem.

343 1999 354 2035 r
375 1982 477 2051 nmen,
500 1998 582 2043 amen
605 1981 667 2039 dieo
688 1976 777 2049 vobis,
797 1976 845 2049 qui
868 1992 924 2033 non
947 1973 1032 2035 intrat
1049 1992 1098 2047 per
1112 1980 1135 2037 Β
1148 1985 1301 2051 sequuntur
1320 1989 1487 2049 quocunque
1507 1977 1581 2047 ierit,
1600 1979 1809 2051 perseverando
1818 1986 1934 2053 omnen

304 2074 405 2131 ostium
427 2074 454 2131 in
473 2076 544 2133 ovile
565 2076 670 2133 onium.
687 2070 735 2129 sed
759 2070 882 2128 ascendit
902 2070 1031 2138 aliunde,
1055 2070 1101 2126 ilio
1149 2068 1243 2125 sanem.
1254 2068 1310 2127 Nec
1323 2070 1396 2124 cuim
1409 2069 1479 2125 hene
1492 2069 1585 2127 vivere
1601 2072 1715 2129 dicendi
1728 2082 1796 2129 sunt
1808 2076 1932 2145 quilineu

305 2165 352 2221 lur
364 2174 444 2223 estet
457 2167 529 2223 latro
542 2164 635 2237 (locro.
652 2165 694 2237 x).
709 2183 719 2217 ι
734 2162 804 2231 Quia
817 2160 948 2219 Pharisaei
959 2162 1101 2233 jactabant
1149 2158 1220 2215 bene
1240 2158 1350 2214 vivendi
1367 2159 1410 2215 vel
1428 2160 1550 2217 caecimte
1573 2161 1725 2231 nesciunt,
1744 2163 1789 2221 rel
1810 2164 1935 2223 inflatione

305 2273 336 2315 sc
348 2258 440 2315 uidene
456 2259 542 2329 <quod
555 2258 665 2331 quidem
689 2262 802 2327 possent
815 2254 838 2310 si
852 2269 917 2311 oves
939 2252 1043 2309 Christi
1057 2268 1100 2309 cs·
1149 2260 1338 2309 contemnunt.

305 2348 384 2421 sent)
409 2349 541 2405 Dominus
564 2350 601 2405 oh
621 2362 718 2405 eorum
746 2345 932 2417 arrogantiam
955 2345 1100 2415 proposuit
1188 2342 1342 2399 «Alienum
1355 2352 1447 2399 autem
1462 2359 1517 2401 uon
1535 2352 1703 2415 sequuntur,
1718 2344 1770 2402 scd
1790 2344 1933 2419 lugiuntah

305 2438 378 2494 hanc
390 2439 607 2495 similitudinem.
625 2432 751 2495 Ostendit
765 2436 857 2507 itaque
871 2434 937 2505 quia
950 2450 1041 2506 neque
1054 2449 1100 2491 sa·
1148 2450 1193 2500 et),
1204 2434 1269 2505 quia
1286 2450 1342 2489 nou
1363 2445 1605 2493 noveruntuooem
1621 2437 1793 2493 alienorum.
1805 2437 1860 2495 lloc
1878 2456 1931 2509 pro

304 2529 418 2601 pientia,
434 2544 523 2602 neque
537 2529 693 2587 observatio
707 2528 786 2600 legis,
802 2543 853 2584 nec
865 2526 935 2582 hona
953 2527 1009 2582 vita
1023 2542 1099 2597 quae-
1148 2526 1272 2583 ucrbium
1285 2526 1355 2583 dixit
1366 2528 1408 2585 eis
1418 2526 1510 2585 lesus.
1529 2527 1571 2584 llll
1582 2539 1677 2586 autem
1690 2545 1749 2585 non
1763 2542 1933 2601 cognorerunt

307 2638 417 2693 cunque
447 2624 521 2679 valet
544 2623 597 2679 nisi
622 2639 671 2695 per
692 2636 767 2677 cum.
801 2620 864 2675 Sive
890 2618 962 2675 enim
988 2616 1100 2674 ludaeus
1148 2620 1215 2692 quid
1236 2620 1462 2691 loqueretureis.
1480 2641 1490 2673 s
1511 2619 1634 2679 inbono
1659 2623 1863 2679 convincuntur
1881 2640 1932 2680 csse

305 2730 354 2772 seu
367 2716 531 2781 Pharisaeus,
550 2731 599 2771 seu
614 2715 732 2787 gentilis,
746 2728 794 2769 seu
813 2710 896 2767 etiam
917 2709 1100 2783 philosophus
1148 2713 1223 2767 caeci.
1235 2710 1436 2768 lnterestenim
1450 2713 1593 2771 interillos
1607 2725 1636 2770 et
1653 2730 1708 2771 nos
1725 2724 1870 2787 autoqmm
1888 2716 1934 2770 ista

304 2807 404 2865 doceat
415 2807 484 2863 hene
498 2807 599 2875 uivere,
614 2806 658 2862 nel
669 2804 816 2861 haereticus
830 2803 881 2861 sub
892 2802 1003 2858 nominc
1016 2799 1099 2857 Chri·
1147 2805 1231 2861 recha
1243 2819 1455 2876 cognoscamus,
1468 2807 1598 2878 quoniam
1611 2807 1759 2878 pulsamus
1771 2809 1932 2879 etaperictur

305 2896 352 2964 sti,
371 2912 423 2953 nec
434 2906 525 2953 tamen
543 2898 570 2951 in
585 2896 696 2953 Christo
715 2894 868 2966 praedicans
882 2908 977 2949 omnes
991 2892 1052 2947 sine
1065 2906 1100 2947 eo
1148 2896 1239 2963 nobis,
1258 2897 1299 2951 illi
1309 2904 1401 2953 annm
1413 2912 1480 2953 non.

305 2991 417 3061 rapiunt
440 2999 467 3045 ct
489 2991 627 3047 occidunt.
656 2988 732 3045 Ovile
754 2997 796 3046 est
810 2986 943 3044 Ecclesia.
960 2984 990 3041 ln
1014 3001 1099 3057 quam
1187 2972 1286 3044 allinit
1298 3003 1363 3061 ergo
1376 2990 1418 3045 eis
1437 2989 1535 3045 iterum
1553 2988 1635 3046 lesus
1652 3008 1660 3045 ε
1675 2989 1767 3045 Amen
1780 3006 1859 3046 amen
1878 2990 1934 3047 dico

305 3082 462 3151 quicunque
475 3082 534 3137 vult
546 3082 658 3147 intrare,
673 3095 720 3149 per
737 3079 877 3135 Christum
889 3078 982 3147 intret,
995 3077 1098 3133 Christi
1147 3078 1236 3146 robis,
1258 3079 1323 3150 quia
1341 3095 1392 3150 eqo
1407 3096 1469 3135 sum
1482 3082 1585 3136 ostium
1604 3082 1710 3136 ouium,
1730 3099 1741 3135 o
1763 3080 1839 3138 Sicut
1855 3081 1936 3137 lilius
1989 3085 1990 3088 ’

304 3172 420 3243 gloriam
446 3187 581 3243 quaerens,
606 3187 660 3227 non
687 3188 776 3229 suam.
803 3171 920 3229 llumilis
943 3173 1029 3243 janua
1056 3180 1099 3227 est
1147 3184 1239 3239 perse
1250 3168 1457 3238 nouitPatrem,
1471 3184 1523 3227 nos
1534 3179 1624 3226 autem
1639 3187 1687 3241 per
1698 3171 1787 3239 illam,
1798 3172 1840 3228 sic
1857 3173 1936 3227 intrat

304 3263 441 3319 Christus.
456 3262 527 3335 lingo
538 3264 585 3334 qui
599 3264 682 3320 intrat
700 3280 730 3319 se
745 3264 880 3331 humiliet,
894 3280 928 3320 ne
944 3264 1097 3320 ascendens
1148 3258 1176 3313 in
1192 3259 1272 3323 ovile.
1294 3258 1321 3314 ld
1338 3266 1379 3315 0⁵1
1399 3259 1432 3315 td
1447 3259 1529 3315 corda
1545 3261 1639 3315 Otium
1662 3276 1712 3331 tier
1730 3276 1761 3316 se
1779 3269 1807 3316 el
1822 3276 1874 3317 1¹08
1892 3276 1939 3330 titt
1989 3265 1990 3272 ’

304 3370 353 3425 per
367 3354 526 3422 maceriam,
539 3355 604 3410 dum
621 3356 757 3410 exaltatur
771 3356 860 3411 cadat.
875 3355 992 3411 Aliunde
1005 3354 1097 3425 itaque
1110 3332 1131 3389 C
1148 3352 1249 3421 ipsum.
1266 3350 1370 3406 Oculus
1384 3353 1476 3407 carnis
1491 3368 1521 3407 se
1535 3352 1629 3407 uidere
1641 3368 1694 3406 non
1712 3361 1810 3421 potest,
1825 3353 1882 3406 alia
1897 3354 1937 3405 ri·

304 3444 437 3511 ascendit,
454 3444 499 3515 qul
516 3444 653 3515 quomodo
667 3444 928 3515 propterChris'tum
945 3444 1038 3512 intrat,
1054 3445 1099 3499 uel
1147 3442 1209 3509 det;
1224 3442 1271 3498 sed
1284 3442 1440 3499 intellectus
1459 3451 1486 3498 et
1504 3458 1534 3498 se
1545 3452 1573 3498 et
1587 3443 1641 3499 alia
1653 3443 1783 3513 iutelligit.
1797 3441 1844 3498 Sic
1859 3442 1937 3497 Chri-

304 3551 360 3591 non
371 3537 405 3591 de
415 3551 448 3591 eo
464 3536 531 3591 hene
542 3537 695 3604 sentiendo,
714 3538 756 3593 vel
768 3554 821 3594 non
836 3538 895 3609 ejus
910 3538 1037 3610 gloriam,
1049 3538 1097 3594 sed
1148 3543 1208 3591 stus
1219 3543 1247 3591 et
1263 3535 1349 3604 adse,
1362 3544 1390 3591 et
1403 3536 1436 3589 ad
1453 3543 1489 3602 te,
1509 3547 1536 3591 et
1556 3535 1591 3590 ad
1613 3534 1722 3589 Patrem
1734 3550 1783 3605 per
1799 3536 1934 3589 seintrat.
1989 3555 1990 3598 q

304 3642 382 3682 suam
405 3627 562 3696 quaerendo.
581 3624 636 3680 Fur
656 3642 721 3699 ergo
736 3636 778 3684 est
795 3629 842 3699 qui
862 3630 933 3685 male
958 3628 1053 3695 intrat,
1069 3636 1098 3683 et
1147 3622 1215 3679 Nam
1237 3633 1266 3680 et
1286 3640 1334 3695 per
1354 3626 1469 3680 verbum
1494 3625 1549 3679 alia
1569 3624 1777 3694 dicunturque
1798 3639 1854 3679 non
1875 3632 1935 3678 snut
1989 3637 1990 3680 5

217 3737 221 3746 ·
305 3717 379 3797 quod
391 3717 512 3772 alienum
527 3724 569 3771 est
588 3732 670 3773 saum
686 3720 762 3787 dicit,
780 3722 808 3775 id
821 3730 865 3777 est
883 3736 950 3777 ores
964 3722 1012 3777 Dei
1030 3738 1097 3779 suaa
1146 3716 1272 3783 vernum,
1287 3724 1316 3772 et
1337 3717 1429 3787 ipsum
1441 3716 1568 3772 uerbum.
1579 3714 1658 3769 llulti
1677 3722 1745 3773 sunt
1765 3722 1888 3785 pastores
1907 3724 1934 3769 ut

304 3807 380 3865 lacit.
396 3807 480 3864 Latro
493 3817 544 3873 cst,
556 3809 619 3879 qnia
636 3811 710 3881 qnod
727 3810 836 3868 iuratus
849 3820 891 3867 est
902 3813 1014 3878 occidit,
1029 3812 1096 3869 dnm
1146 3808 1212 3864 boni
1224 3808 1361 3879 episcopi;
1378 3808 1482 3864 ostium
1493 3822 1559 3862 vero
1572 3822 1654 3863 nenne
1665 3815 1720 3873 cst,
1736 3807 1791 3862 uisi
1804 3806 1932 3863 Christus.

304 3901 377 3955 malo
397 3901 521 3971 exemplo
544 3916 592 3957 scu
622 3917 748 3973 perverse
769 3904 891 3960 docendo
912 3920 978 3960 oues
999 3918 1098 3961 uocem
1146 3899 1176 3958 ln
1196 3899 1361 3971 Apocalypsi
1380 3900 1510 3956 dicuntur
1530 3898 1639 3966 sancti,
1666 3898 1724 3953 no'n
1750 3898 1869 3965 ostium,
1890 3894 1933 3951 sed

302 3990 363 4061 ejus
376 3990 499 4047 audiant.
519 3991 547 4047 ln
562 4008 616 4063 quo
631 4009 694 4049 cum
709 4004 788 4050 sonet
801 4010 854 4051 vox
869 3994 945 4051 verbi
961 3995 1009 4051 liei
1026 4011 1097 4065 prue-
1146 4002 1232 4065 portae
1252 4009 1301 4063 per
1310 4008 1381 4065 quas
1393 3991 1552 4067 peruenitur
1569 3990 1604 4046 ad
1617 3989 1733 4045 ostium.
1746 3987 1846 4045 Omnes
1856 3996 1933 4059 qnot-
1989 4037 1990 4048 ,

303 4081 432 4137 destinati
446 4083 479 4139 ad
493 4084 577 4139 vitam
591 4084 708 4140 audiunt
720 4084 881 4141 obediendo.
896 4084 930 4140 Et
944 4087 1096 4143 notandum
1145 4094 1215 4156 quot
1227 4093 1361 4141 uenerant
1378 4083 1456 4139 iures
1469 4091 1534 4139 sunt
1553 4090 1580 4139 et
1592 4081 1729 4150 latrones,
1749 4082 1797 4138 sed
1817 4096 1871 4137 nou
1888 4095 1934 4134 ao-

303 4173 377 4243 qnod
392 4189 447 4229 noa
464 4176 554 4230 oannis
575 4176 622 4245 qui
641 4176 725 4230 intrat
738 4188 788 4243 per
805 4175 919 4243 ostium,
934 4186 1028 4245 pastor
1041 4186 1094 4244 est,
1145 4178 1255 4241 dierunt
1267 4190 1316 4231 eos
1330 4190 1406 4231 oves.
1420 4173 1477 4243 Qui
1490 4180 1625 4229 uenerunt
1640 4187 1697 4227 nou
1708 4172 1759 4243 qui
1777 4171 1854 4226 missi
1873 4180 1932 4226 sunt

244 4254 248 4265 '
303 4264 369 4334 quia
388 4274 415 4321 et
429 4276 494 4323 oves
517 4267 629 4322 intrant.
647 4264 841 4323 Verumtamen
869 4267 961 4324 unhas
985 4268 1098 4326 amaea·
1145 4267 1266 4324 luerunt.
1283 4266 1361 4324 Unde
1382 4267 1410 4323 in
1423 4265 1573 4337 propheta:
1586 4284 1596 4317 r
1611 4262 1766 4321 Veniebant
1778 4273 1867 4337 elego
1880 4278 1931 4318 nou

304 4355 392 4412 sitatis
414 4356 543 4413 Ecclesiae
562 4357 647 4413 uerbo
661 4364 688 4412 et
710 4358 834 4429 exemplo
855 4358 977 4429 quotidie
995 4361 1093 4431 pascit.
1145 4360 1286 4415 mitteham
1296 4374 1344 4417 eos
1359 4357 1427 4431 (lec.
1445 4360 1536 4430 uuirt).
1552 4355 1795 4413 »invenientibus
1807 4352 1931 4427 praesum

303 4446 440 4505 ostiarius
462 4456 505 4504 ast
525 4447 662 4515 Christus,
688 4450 736 4521 qui
760 4464 789 4505 se
816 4452 906 4520 ipsum
931 4452 1029 4521 aperit,
1051 4453 1094 4508 vel
1144 4452 1202 4523 ptio
1230 4451 1409 4519 temeritatis,
1431 4451 1459 4506 in
1481 4450 1575 4509 missis
1603 4449 1771 4523 obsequium
1799 4449 1932 4506 seruitutis

305 4537 446 4609 Scriptura
457 4554 519 4609 quae
532 4539 608 4594 ducit
621 4539 656 4595 ad
674 4538 825 4609 Christum,
839 4541 880 4597 uel
893 4539 1015 4613 Spiritus
1029 4558 1095 4600 sau-
1144 4552 1196 4601 cst.
1221 4541 1271 4599 vet
1290 4541 1329 4599 ita
1351 4560 1359 4599 ε
1382 4542 1523 4613 Quotquot
1544 4547 1692 4608 venerunt,
1716 4542 1822 4599 scilicet
1838 4552 1933 4613 preter

302 4640 364 4686 ctus
374 4630 409 4686 ad
420 4644 530 4685 omnem
540 4630 693 4687 ueritatem.
1106 4662 1133 4723 n
1145 4649 1201 4703 me,
1213 4633 1327 4691 luerunt
1337 4634 1468 4691 latrones.
1491 4633 1635 4689 Praeeoucs
1647 4631 1773 4689 ueritatis
1789 4648 1843 4687 non
1853 4644 1931 4687 rene·

341 4722 400 4777 ‹Et
413 4721 540 4793 proprias
563 4737 628 4777 ores
644 4732 725 4780 vocat
746 4725 920 4792 nominatim,
948 4733 976 4781 ct
1001 4726 1093 4782 educit
1144 4734 1319 4795 ruuopraeter
1332 4740 1408 4792 eum,
1432 4725 1482 4797 qni
1500 4733 1545 4781 est
1555 4727 1668 4793 ueritas,
1677 4726 1745 4797 quia
1758 4724 1799 4780 sic
1813 4722 1933 4779 credide-

301 4824 359 4867 cas.
376 4810 410 4867 Et
422 4824 487 4867 cum
501 4812 627 4883 proprias
640 4826 706 4869 oves
725 4814 858 4881 emiserit,
870 4824 933 4871 ante
945 4830 993 4871 eas
1007 4815 1093 4883 vadit,
1144 4816 1223 4872 sitin
1248 4821 1313 4872 eum
1336 4824 1494 4883 venturum,
1513 4817 1653 4887 quomodo
1674 4830 1727 4871 nos
1757 4814 1933 4872 credimusiu
1989 4819 1990 4860 ἓ

302 4904 496 4959 etonesillum
511 4912 673 4973 sequuntur,
686 4904 751 4975 quia
772 4906 863 4963 sciunt
878 4920 973 4962 vocem
988 4906 1090 4977 eins.»
1143 4923 1206 4964 eum
1223 4908 1271 4979 qui
1296 4907 1379 4963 venit.
1405 4906 1540 4978 Tempora
1569 4908 1674 4964 variam
1701 4916 1777 4975 sunt,
1791 4921 1845 4962 non
1858 4906 1934 4959 tides.

302 4992 373 5049 Oves
402 5004 483 5050 vocat
508 4996 672 5051 nominatim
699 4998 747 5067 qui
777 4998 816 5053 ait
839 4998 982 5069 discipulis
1004 4999 1092 5056 suis:
1145 4997 1223 5055 Unus
1235 5014 1326 5055 canon
1336 4998 1544 5069 scripturarum
1557 5005 1601 5053 est
1619 4995 1711 5068 omnia
1730 5013 1788 5053 non
1801 4996 1835 5051 ad
1849 5004 1935 5049 totum
1989 4991 1991 5065 ζ

305 5081 460 5150 «Gaudete,
472 5084 537 5154 quia
550 5086 661 5141 nomina
672 5095 762 5144 nestra
785 5088 886 5159 scripta
907 5089 1011 5145 sutttin
1022 5090 1094 5147 cralo
1144 5088 1253 5158 referri,
1272 5088 1322 5147 sed
1340 5091 1374 5146 ad
1382 5099 1488 5161 partem
1509 5088 1764 5157 maximam,utihi
1785 5086 1937 5145 :somnes
1989 5083 1991 5152 ξ

302 5173 379 5247 (Luc.
397 5176 436 5247 x).
456 5192 467 5227 a
486 5175 562 5233 Unde
576 5178 663 5233 alibi:
680 5197 690 5230 r
707 5176 788 5233 Novit
807 5177 939 5238 Dominus
959 5182 1008 5252 qui
1029 5189 1095 5237 sunt
1145 5180 1454 5246 declinaverunt,simnl
1466 5180 1649 5237 inutilcslacti
1661 5190 1729 5237 sunt
1741 5180 1828 5253 (Psoi.
1842 5180 1934 5248 xisti.»

300 5267 361 5337 ejus
375 5266 420 5339 (ll
439 5267 510 5323 Tim.
524 5274 568 5341 n).
585 5288 596 5321 r
612 5268 710 5325 Educit
725 5286 773 5326 eas
793 5270 857 5327 hinc
870 5272 904 5329 ad
917 5273 999 5329 vitam
1013 5281 1094 5329 aemr-
1146 5272 1279 5331 Similiter
1295 5274 1364 5330 hic:
1394 5292 1405 5327 r
1431 5272 1533 5332 Omnes
1557 5278 1606 5347 qui
1633 5284 1770 5333 venerunt
1802 5288 1937 5333 antenna.

300 5361 549 5425 immansionem
568 5360 734 5417 absolvendo
749 5364 893 5419 avinculis
905 5372 1094 5435 peccatorum,
1142 5364 1254 5423 luerunt
1281 5364 1358 5425 tues
1377 5375 1406 5423 et
1430 5366 1561 5424 latrones.
1584 5384 1593 5417 s
1612 5363 1647 5419 Et
1667 5364 1770 5420 Paulus
1783 5363 1815 5419 ad
1833 5364 1935 5419 Coum

300 5458 328 5507 et
339 5452 467 5523 prmcedit
476 5468 525 5509 eas
538 5466 680 5523 surqensa
693 5454 818 5510 mortuis.
827 5455 1014 5513 Alitereducit
1026 5471 1093 5514 ovea
1143 5458 1238 5517 thies:
1260 5477 1270 5511 r
1288 5456 1435 5525 Omnibus,
1451 5458 1551 5529 inquit,
1577 5457 1671 5514 omnin
1700 5455 1792 5512 lactus
1806 5470 1887 5521 sunu,
1911 5462 1938 5505 ut

300 5544 335 5597 de
345 5544 465 5600 tenebris
476 5544 510 5599 ad
526 5544 615 5599 lucem
627 5542 768 5613 doctrine,
779 5553 806 5600 ct
816 5556 880 5603 ante
892 5560 940 5603 eas
954 5546 994 5603 sic
1007 5546 1093 5603 emie-
1141 5567 1239 5609 omnes
1249 5550 1440 5613 lucrifacerem
1450 5550 1479 5621 (l
1495 5550 1557 5607 Cor.
1578 5550 1629 5624 tx).
1645 5568 1657 5602 ι
1671 5547 1704 5603 Et
1720 5548 1754 5605 ad
1779 5545 1937 5616 Philippen-

301 5648 346 5692 sas
356 5635 437 5705 quasi
450 5634 485 5691 de
506 5634 626 5707 Aigypto
639 5633 714 5691 vadit
728 5636 802 5691 velut
822 5636 850 5691 in
864 5638 992 5695 columna
1007 5638 1091 5698 nubis
1141 5659 1187 5701 ces
1202 5661 1234 5701 :r
1253 5642 1511 5712 omuesentmque
1528 5628 1804 5713 suasuutqumruut,
1818 5653 1882 5693 non
1907 5650 1940 5689 ea

301 5725 422 5795 eliquia,
442 5724 569 5795 exemplo
579 5722 703 5780 indicans
724 5725 797 5795 equod
811 5726 913 5785 docuit.
927 5724 998 5785 Otos
1012 5728 1091 5785 ittam
1142 5748 1205 5803 qua
1226 5741 1291 5791 sunt
1313 5732 1417 5791 Christi
1435 5730 1500 5790 lesu
1514 5731 1642 5805 (Philipp.
1659 5733 1702 5805 u).
1717 5750 1728 5785 a
1744 5728 1787 5787 lta
1808 5738 1856 5787 est
1869 5724 1940 5784 illud
