4017 6342
239 316 289 373 tsi
699 380 709 398 Ι
740 298 924 360 colluitttu
945 305 1090 361 :tutat'rts
1111 304 1369 363 t'tttuuttttuusts
1815 308 1874 366 268

239 437 295 491 ltaee
310 431 385 501 lituo
399 426 541 485 ineffabilis
561 422 732 481 iuctiibiliter
752 425 878 495 concepit
895 430 922 478 et
941 436 1024 493 pepo·
1040 431 1062 486 Α
1078 422 1148 478 ὓειιε
1160 423 1331 494 omnipotens
1347 438 1398 477 non
1414 431 1501 485 esset,
1520 423 1541 475 si
1560 422 1662 493 aliquid
1675 421 1758 479 uellet
1780 422 1876 481 iocose

238 528 283 591 rit,
300 526 327 579 in
342 539 391 581 sua
403 520 579 589 conceptione
594 523 622 569 et
642 527 721 585 partu
736 516 803 570 satis
823 514 939 581 amplius
962 528 1026 568 san-
1077 512 1149 578 nond
1173 510 1284 566 minime
1301 521 1401 583 posset.
1417 510 1580 579 (innantem
1603 511 1708 567 ratione
1728 513 1783 569 hac
1801 513 1875 571 Deus

237 616 341 673 utitatis
362 623 389 668 et
415 607 629 677 incorruptionis
661 606 827 677 percipiens,
853 621 936 675 quiam
963 615 1027 661 aitte
1078 598 1182 666 iecerit,
1196 616 1248 656 nou
1261 612 1302 656 cst
1313 617 1381 671 opus
1393 602 1586 671 disputatione.
1600 604 1646 657 sed
1660 603 1728 659 indes
1741 603 1876 661 adhibea-

237 705 394 775 snsreperit.
412 702 488 757 Unde
506 699 551 755 boi
568 697 638 753 Filio
653 698 710 753 lutee
725 708 817 753 sancta
831 699 909 769 virgo
921 706 1026 751 tantum

236 796 381 866 placuerit,
396 793 418 849 si
433 798 584 863 querutum
599 788 879 875 dilectioneuidelieet
892 798 920 841 et
937 786 1026 842 humi·

236 888 320 951 litate,
332 901 386 950 qua
400 884 488 955 prima
504 881 618 937 Domino
633 878 817 951 uirginitatem
833 878 950 935 deuouit.
966 877 1025 947 ipsa

235 980 306 1035 eninr
323 978 371 1033 Dei
392 974 524 1045 snpientia
546 972 611 1027 dicit
627 989 634 1025 :
651 970 708 1041 qu
725 970 861 1041 diiiqentes
882 986 922 1023 me
944 968 1025 1037 diliqo

235 1068 326 1143 (l’rou.
351 1083 409 1133 utu,
437 1065 493 1135 li).
514 1062 582 1119 l'erc
605 1061 699 1118 dilexit
721 1061 768 1116 llei
795 1058 1025 1131 sapientia383

235 1159 363 1222 diarium,
390 1165 418 1213 ct
439 1156 524 1210 llaria
552 1153 657 1217 dilexit,
681 1161 709 1207 ct
726 1153 839 1207 mnitnnt
861 1152 956 1207 dilexit
978 1151 1026 1206 uei

235 1253 409 1320 sapientiam,
424 1252 507 1305 [ictum
522 1248 626 1305 scilicet
642 1246 688 1302 Dei
698 1246 791 1301 Patris
805 1244 915 1299 Filium.
928 1243 1027 1299 bilenit

234 1346 344 1415 quidem
359 1343 427 1398 alter
441 1342 566 1405 alterurn,
583 1340 630 1395 sctl
640 1340 716 1395 licus
731 1338 848 1409 amplius
858 1337 963 1401 dilexit.
978 1337 1025 1406 qui
1062 1370 1066 1375 ·

235 1436 350 1507 amplius
361 1434 472 1506 diligere
494 1442 521 1488 et
536 1432 612 1487 tinuit
636 1439 663 1484 et
686 1430 783 1500 potuit.
813 1429 912 1483 bilenit
933 1428 1026 1499 utique

234 1544 295 1583 earu
311 1541 394 1598 snper
408 1525 516 1581 beatam
531 1523 687 1579 societatem
707 1521 899 1593 apostolurum,
916 1522 1026 1593 angelos

234 1630 263 1674 ct
274 1618 462 1688 arcitangelos‚
477 1625 504 1670 ot
515 1630 595 1685 super
606 1628 700 1670 omnes
712 1614 827 1669 uirtutes
841 1624 865 1669 et
878 1624 1026 1684 potestates

1078 702 1122 748 tur
1131 702 1159 748 et
1169 694 1276 749 sullicit.
1291 692 1357 749 Fide
1370 696 1469 749 etenim
1484 695 1540 750 luec
1552 710 1634 764 opera
1645 695 1694 751 liei
1708 708 1876 767 noscuntur,

1077 799 1130 839 nou
1142 784 1288 853 sophistica
1300 784 1483 840 contentione.
1495 784 1654 841 llancsuam
1669 788 1803 842 ueraciter
1816 804 1877 843 car·

1078 889 1139 930 nem
1150 876 1207 945 ipse
1217 876 1359 931 suscitavit
1370 879 1389 930 ι’
1400 876 1514 931 mortuis
1530 876 1609 931 tertia
1621 876 1665 931 die
1675 878 1875 948 omnipotentia

1077 962 1245 1032 divinitatis,
1270 964 1350 1020 istam
1373 964 1527 1020 uidentibus
1548 966 1678 1036 apostolis
1702 966 1821 1023 eleuarit
1846 970 1874 1024 in

1077 1055 1197 1123 crelam,
1220 1056 1248 1110 in
1269 1055 1322 1111 hae
1338 1055 1372 1110 ad
1392 1053 1523 1122 judicium
1543 1058 1633 1111 reniet
1652 1073 1715 1112 cum
1737 1067 1875 1128 potestate

1077 1162 1175 1218 magna
1197 1156 1225 1203 et
1240 1145 1399 1217 majestate,
1414 1147 1500 1222 ileum
1521 1146 1548 1201 in
1568 1148 1618 1204 hac
1646 1164 1730 1204 carne
1744 1150 1877 1205 videbunt

1077 1237 1164 1308 impii,
1181 1252 1233 1292 nou
1249 1238 1275 1291 itt
1291 1253 1322 1292 ca
1344 1238 1499 1293 bumilitate
1520 1238 1602 1311 385
1617 1255 1669 1310 qna
1688 1243 1745 1312 prov
1764 1242 1830 1313 ipsis
1846 1253 1876 1298 et

1077 1330 1111 1385 ab
1124 1332 1189 1401 ipsis
1205 1332 1302 1402 injuste
1319 1331 1457 1402 judicatus
1474 1340 1527 1398 est,
1548 1332 1635 1388 sedin
1651 1348 1683 1388 ea
1704 1334 1875 1390 sublimitate

1077 1436 1129 1491 qua
1154 1437 1204 1493 pro
1221 1423 1278 1478 suis
1301 1438 1348 1479 eos
1368 1422 1517 1479 sceleribus
1536 1424 1609 1494 juste
1628 1424 1801 1494 jtniicaturns
1820 1438 1873 1483 est.

1077 1512 1227 1580 Videbunt,
1242 1512 1363 1584 inquam,
1380 1512 1454 1567 ilium
1469 1528 1537 1583 quos
1552 1514 1608 1584 ipse
1621 1516 1735 1583 dilexit,
1749 1525 1777 1572 et
1790 1533 1874 1589 quent

1078 1606 1128 1678 ipsi
1144 1608 1275 1674 oderunt,
1289 1622 1368 1663 suum
1382 1606 1507 1662 videlieet
1524 1605 1747 1677 liedetnptorem,
1767 1619 1795 1665 ct
1810 1620 1875 1665 auto

235 1710 377 1765 roelorum.
408 1707 448 1761 Ad
478 1707 549 1760 lianc
578 1704 761 1759 beatissimam
794 1705 925 1776 uirginem
955 1706 1026 1763 licus
1077 1699 1117 1754 sui
1134 1698 1323 1769 Redembloris
1342 1707 1516 1768 wiliielmi
1531 1698 1667 1770 peribunt.
1683 1698 1753 1755 '⁰⁵¹5
1768 1710 1872 1766 autem,

233 1799 315 1853 Pater
325 1813 358 1853 ex
372 1810 402 1853 se
414 1796 533 1868 genitum
544 1794 640 1849 Filium
656 1794 738 1859 misit,
755 1801 784 1849 ut
798 1795 855 1864 ipse
869 1796 915 1849 liei
928 1795 1023 1862 Filius,
1041 1777 1063 1839 Β
1078 1807 1159 1863 super
1173 1792 1198 1847 id
1212 1793 1283 1862 quod
1301 1789 1356 1847 dici
1375 1790 1418 1847 uei
1431 1789 1544 1861 cogitari
1565 1801 1668 1861 potest,
1683 1792 1718 1848 ab
1732 1794 1873 1849 anditione

233 1889 349 1961 uirginis
372 1889 455 1944 etiam
475 1886 546 1941 itlius
570 1886 646 1942 deret
669 1895 696 1939 et
720 1901 846 1957 sponsus.
865 1887 921 1943 lion
944 1888 1025 1945 Pater
1076 1881 1560 1948 bonataetanumur,etexsuttanunt.
1573 1882 1873 1957 Audientenimipsnna

228 1980 364 2051 disposuit
378 1979 522 2046 enaritate,
537 1979 621 2033 Filius
635 1977 772 2033 uoluntate
786 1978 944 2049 compleuit,
961 1978 1025 2050 Spi·
1077 1974 1124 2030 Dei
1148 1974 1246 2029 Filium
1269 1985 1411 2041 uocantem
1435 1989 1498 2039 eos,
1522 1984 1550 2031 et
1571 1975 1705 2031 dicentem
1728 1991 1736 2030 :
1765 1974 1872 2041 Venite.

234 2074 302 2129 ritus
313 2079 426 2128 sanetus
438 2070 544 2142 pararit
562 2068 711 2123 tintinnum
723 2076 750 2123 et
761 2070 880 2134 ornavit.
894 2068 919 2123 id
935 2080 977 2126 est
991 2074 1025 2127 au
1078 2066 1205 2119 tenentur*
1234 2066 1323 2120 Patris
1339 2066 1409 2131 net,
1427 2066 1550 2137 percipite
1570 2081 1693 2135 reorum.
1712 2068 1783 2138 quod
1802 2069 1872 2122 coiis

232 2164 307 2220 oruni
320 2163 494 2233 corruptione
508 2161 611 2232 peccati
625 2159 763 2214 rrrtmdavit
777 2159 892 2230 uirginis
905 2172 1024 2226 uterum,
1076 2168 1197 2227 purorum
1212 2164 1251 2214 est
1268 2156 1301 2209 ut
1316 2157 1416 2227 oriqine
1436 2157 1528 2211 muudi
1547 2156 1655 2227 (liutti-
1673 2174 1737 2224 axv,
1753 2158 1809 2229 ot).
1825 2160 1873 2215 ilio

233 2258 261 2305 et
275 2247 417 2319 multiplici
430 2246 575 2303 sanctitate
589 2242 711 2315 replerit.
726 2243 764 2298 lbi
778 2252 907 2313 tanquam
924 2246 950 2300 in
964 2246 1025 2301 aula
1076 2246 1169 2317 utique
1183 2247 1228 2301 die
1245 2247 1367 2302 bantines
1377 2247 1427 2318 ‘qui
1442 2248 1470 2301 in
1490 2248 1542 2303 ltoc
1559 2247 1659 2303 seculo
1674 2248 1793 2306 humiles
1807 2260 1872 2306 sum

235 2341 308 2413 regia
326 2340 395 2395 Deus
409 2338 558 2409 qui-omnia
568 2345 630 2392 aute
644 2344 798 2403 creaverat,
813 2337 932 2405 scipsum
947 2353 1026 2393 crea·
1076 2346 1105 2393 et
1116 2339 1286 2403 obedientes,
1303 2337 1419 2408 patriam
1434 2338 1506 2393 illam
1520 2337 1658 2394 coelestem
1670 2348 1698 2394 ct
1712 2354 1870 2411 supernans,

233 2432 273 2486 vit
290 2430 316 2489 in
331 2430 424 2485 llario.
448 2427 533 2485 Nemo
557 2428 672 2483 miretur
694 2426 766 2497 quod
784 2440 915 2498 sponsum
935 2428 1026 2483 liariae
1076 2429 1145 2485 duce
1159 2444 1209 2485 suo
1223 2428 1311 2499 capite
1329 2428 1449 2495 Cbristo,
1462 2443 1524 2485 euru
1537 2428 1641 2484 horrore
1661 2443 1760 2501 magno
1773 2437 1801 2484 et
1823 2444 1873 2485 er·

233 2522 292 2593 ejus
314 2520 398 2576 illium
426 2518 554 2575 diximus.
574 2514 642 2573 llam
657 2508 747 2570 ¹Pater
769 2522 797 2569 ει
816 2529 931 2584 sponsus
947 2516 1026 2586 ltujtts
1079 2522 1227 2577 sultatiuue
1246 2522 1402 2589 intrabunt;
1421 2521 1491 2578 unde
1508 2522 1617 2591 superbi
1638 2532 1665 2577 ει
1686 2521 1872 2580 inobedientes

233 2612 364 2681 uirginis,
382 2619 425 2666 est
440 2610 511 2665 iilius
525 2608 593 2679 ejus.
616 2607 695 2661 Pater
716 2604 795 2675 piane
809 2645 816 2670 .
831 2605 894 2676 quia
908 2608 943 2661 ab
966 2608 1025 2680 ipso
1077 2613 1163 2684 angeli
1178 2628 1240 2668 eunt
1254 2614 1419 2668 uerecundia
1440 2628 1538 2683 maqna
1552 2623 1579 2670 et
1594 2614 1752 2670 contusione
1767 2615 1872 2671 occido·

233 2714 327 2761 creata
341 2713 397 2769 est;
419 2702 500 2767 itlius,
512 2702 574 2771 quia
587 2708 668 2755 uatus
679 2714 713 2755 ex
729 2712 773 2765 est;
788 2712 915 2768 sponsus,
930 2702 1026 2771 quiaei
1077 2716 1151 2760 runt.
1166 2704 1205 2759 lbi
1220 2704 1348 2760 videbunt
1367 2705 1490 2760 bortrines
1506 2704 1591 2761 Βειιιιι
1611 2704 1681 2762 lacie
1694 2706 1728 2761 ad
1752 2706 1869 2773 laniem,

234 2794 369 2849 charitate
384 2790 538 2861 conjuncta.
554 2790 650 2845 liirum
678 2787 845 2860 conjugium,
868 2790 914 2849 sod
931 2791 983 2847 ilde
998 2802 1027 2851 et
1076 2795 1156 2852 sicuti
1171 2803 1222 2864 est,
1238 2805 1266 2851 et
1279 2793 1426 2852 donabitur
1438 2796 1477 2851 eis
1488 2796 1554 2861 vita,
1571 2795 1645 2853 salus
1658 2807 1685 2851 ει
1698 2797 1782 2868 gloria
1798 2813 1871 2852 seru·

224 2886 335 2956 pietate
357 2883 521 2949 mirandum;
538 2882 582 2937 ubi
600 2882 677 2953 uirgo
706 2884 1025 2953 materexstitit,uirqi·
1075 2887 1364 2958 piterua‚quael)eus
1386 2896 1437 2942 est.
1459 2886 1540 2942 Beata
1561 2896 1651 2942 autem
1674 2886 1758 2943 liar-ia
1781 2898 1870 2943 mater

233 2978 305 3033 nitas
326 2990 410 3042 uxor,
427 2974 541 3029 maritus
565 2972 682 3044 Spiritus
709 2985 830 3043 sanctus,
846 2993 899 3049 per
930 2990 1024 3031 aurem
1077 2978 1164 3049 virgo,
1176 2988 1204 3033 et
1216 2993 1313 3049 sponsa
1327 2979 1441 3045 intacta,
1455 2977 1491 3033 ibi
1503 2977 1624 3049 piissima
1635 2980 1705 3051 apud
1716 2979 1869 3049 piissimum

236 3066 392 3137 conceptio,
419 3064 605 3133 conceptionis
624 3064 758 3135 interpres
779 3066 905 3135 angelus,
932 3080 1024 3121 senten
1078 3072 1162 3127 salium
1176 3088 1255 3128 suum
1271 3072 1403 3129 obtinebit
1417 3080 1446 3127 ut
1471 3087 1551 3130 nenio
1571 3072 1676 3129 illorum
1691 3084 1800 3145 pereat,
1818 3091 1870 3155 pro

234 3156 375 3225 (diffissus.
392 3155 481 3226 violes
503 3156 614 3227 uirginis
629 3154 717 3212 Filius
733 3156 790 3212 liei.
814 3157 842 3212 ln
865 3158 1024 3229 innuitque
1076 3163 1175 3235 quibus
1194 3165 1236 3221 rel
1250 3166 1334 3222 semel
1347 3166 1476 3223 oraverit.
1494 3164 1550 3223 Nec
1562 3167 1670 3234 ntirum,
1684 3168 1748 3238 quia
1762 3170 1870 3225 uniuer-

190 3313 192 3317 ,
232 3259 406 3307 sacrosancta
425 3247 616 3318 conjunctione
637 3263 689 3305 nou
717 3264 781 3306 earo
796 3264 906 3305 earnem
927 3264 1024 3304 carna·
1075 3271 1134 3311 snm
1155 3253 1212 3312 suis
1226 3258 1353 3327 precibus
1374 3258 1503 3313 mundum
1518 3258 1623 3315 salvare
1638 3269 1746 3330 potest,
1764 3261 1787 3316 si
1808 3261 1868 3333 ipsa

227 3342 295 3395 -liter
310 3342 409 3410 tetigit,
422 3344 468 3396 sed
481 3340 552 3395 lleus
567 3339 648 3395 Pater
666 3340 829 3410 sapientiam
845 3355 921 3395 suam
934 3341 1023 3394 uisne·
1075 3346 1198 3401 voluterit.
1213 3347 1247 3401 l't
1267 3348 1323 3417 ipsa
1339 3347 1447 3417 quidem
1458 3360 1511 3419 pto
1525 3349 1652 3404 uniuerso
1673 3348 1775 3406 mundo
1787 3366 1869 3421 para·

230 3434 308 3486 riuus
331 3432 443 3503 virginis
472 3431 583 3495 inindit;
605 3444 665 3501 tium
692 3440 720 3486 et
745 3432 772 3485 iu
798 3430 909 3503 Virgine
936 3428 1024 3485 lintre
1076 3437 1179 3491 tissima
1194 3448 1266 3493 esset
1280 3439 1315 3493 ad
1329 3438 1514 3509 precandum,
1534 3447 1659 3511 totusque
1674 3441 1789 3497 mundns
1811 3443 1868 3497 sal-

230 3536 343 3576 carucnt
367 3522 529 3591 assumpsit,
548 3531 575 3576 et
595 3537 671 3577 suam
697 3521 884 3578 beatissimam
906 3532 1022 3575 matrem
1075 3535 1195 3593 rar-etur,
1219 3528 1241 3583 si
1263 3528 1390 3599 precibus
1408 3526 1466 3597 ejus
1486 3542 1515 3583 se
1537 3527 1640 3585 iaceret
1660 3528 1781 3599 dignum.
1804 3528 1868 3587 llaec

233 3608 419 3681 incorruptam
446 3613 581 3679 servavit,
608 3623 635 3669 et
662 3628 712 3685 per
740 3614 891 3687 uirgineum
922 3626 1023 3682 corpus
1074 3620 1248 3675 veracissime
1262 3620 1331 3692 apud
1347 3612 1724 3691 omnipotentena'lilium,ut
1736 3620 1867 3686 diximus.

232 3702 376 3775 egrediens
402 3702 539 3769 Verbum,
567 3706 637 3775 quod
669 3705 756 3761 bieria
786 3706 869 3761 verbo
898 3706 1023 3775 concepit
1074 3709 1177 3766 orando
1189 3719 1279 3780 potest
1293 3710 1425 3781 quidquid
1440 3709 1659 3777 desiderat,sed
1677 3728 1727 3783 pro
1741 3711 1804 3781 illis,
1820 3712 1868 3783 qui

234 3794 370 3869 angelico,
395 3812 475 3853 verus
501 3798 571 3854 Deus
601 3798 627 3854 in
657 3815 721 3856 uero
749 3800 858 3856 ltomine
886 3801 1021 3871 apparuit.
1074 3817 1183 3873 semper
1203 3817 1315 3873 peecare
1335 3801 1511 3868 desiderant,
1533 3802 1686 3858 nullatenus
1705 3813 1776 3858 orat.
1798 3800 1869 3859 Nam

233 3891 386 3961 dssttmpsit
413 3904 476 3945 uere
501 3890 528 3945 in
550 3906 614 3946 uem
639 3891 744 3963 uirgine
771 3907 850 3948 uerus
872 3893 917 3948 [tei
939 3884 1023 3965 3η
1074 3894 1119 3963 qui
1140 3893 1293 3965 hujusmodi
1309 3904 1388 3961 sunt,
1411 3892 1467 3951 ben
1487 3893 1596 3969 placere
1616 3893 1670 3948 ulia
1686 3896 1791 3951 ratione
1812 3911 1867 3951 non

233 3981 317 4036 Filius
338 3979 461 4036 Ciuistus
477 3972 606 4037 Dominus
630 3988 715 4035 tutum
735 3983 885 4051 buruinem,
902 3984 1021 4039 animam
1072 3994 1195 4056 possunt.
1210 3982 1294 4056 386
1306 3983 1359 4040 Pro
1374 3984 1473 4042 talibus
1487 3983 1576 4042 nullus
1595 3985 1751 4040 sanctorum
1764 3986 1869 4057 suppli-

231 4074 335 4130 seilieet
349 4082 375 4129 et
392 4088 512 4129 earnem.
535 4073 566 4129 ln
582 4073 632 4131 bae
658 4089 741 4130 carrae
767 4084 848 4131 uatus
873 4084 916 4131 est
939 4075 1022 4133 homo
1073 4090 1137 4130 core
1151 4076 1308 4145 prastnnit,
1324 4091 1373 4131 nec
1394 4075 1433 4131 eis
1456 4071 1636 4149 eleemosynae
1656 4068 1696 4136 εἰῖ
1706 4077 1869 4152 conquiren-

233 4183 281 4238 prn
294 4168 412 4223 bomine.
428 4166 485 4223 liae
504 4168 532 4223 in
547 4182 632 4224 earne
651 4168 789 4223 homiuem
806 4168 833 4223 in
849 4183 930 4225 eruce
944 4169 1022 4225 rede·
1071 4167 1231 4222 domnitam
1250 4175 1398 4232 amittam,
1414 4184 1464 4223 nec
1484 4169 1620 4225 saeriiieia
1641 4182 1766 4241 prosunt.
1788 4172 1867 4230 Unde

233 4260 290 4316 ruit.
307 4261 364 4317 11³0
378 4262 404 4317 in
421 4276 503 4317 carne
525 4260 665 4317 christum
687 4262 768 4317 tinmn
781 4263 912 4332 peremti.
934 4262 1021 4319 {tomo
1072 4254 1623 4327 princepsChristiauaedoetriuae‚Paulus
1632 4262 1771 4332 apostolus
1780 4264 1865 4321 dicit:

231 4354 339 4423 quidem
357 4363 384 4409 ct
408 4355 434 4408 in
455 4354 546 4407 anima
570 4363 599 4409 et
619 4354 772 4423 incorpore
796 4352 952 4423 redemptus
966 4364 1018 4421 est,
1072 4347 1136 4403 Post
1147 4358 1280 4420 acceptum
1290 4348 1409 4403 notitiam
1417 4351 1531 4405 ueritatis
1542 4351 1688 4407 uolutatorie
1698 4356 1866 4424 peccantibus

231 4445 277 4501 sed
293 4447 349 4500 ltaec
361 4460 425 4500 caro
449 4444 554 4499 Domini
569 4444 620 4497 tuit
641 4441 759 4513 pretium
782 4455 838 4495 suae
856 4441 1020 4513 redemptio-
1035 4464 1059 4523 υ
1072 4442 1145 4496 uobis
1158 4442 1284 4511 jamnon
1301 4440 1460 4512 relinquitur
1478 4443 1563 4497 inustio
1578 4460 1626 4514 pro
1639 4446 1752 4515 peccatis
1768 4446 1863 4517 (lleir.

230 4537 282 4593 nis.
298 4534 413 4591 Carnem
427 4535 507 4589 istam
524 4534 550 4587 in
566 4532 657 4602 speeie
672 4531 753 4602 panis
764 4531 909 4601 discipulis
920 4534 976 4588 suis
992 4534 1018 4588 in
1072 4547 1100 4594 ιι,
1116 4528 1176 4601 ttt);
1192 4528 1260 4584 acsi
1276 4529 1378 4585 diceret
1394 4548 1401 4585 :
1417 4530 1512 4586 Nullus
1525 4531 1679 4604 baptizatus
1694 4545 1755 4605 post
1770 4553 1867 4608 peeca-

229 4642 317 4690 coena,
337 4640 418 4695 quant
430 4632 492 4678 aute
505 4624 661 4693 passionem
676 4636 752 4677 suam
769 4636 831 4677 cum
846 4623 886 4677 eis
903 4624 1019 4679 novissi·

230 4733 301 4773 mum
315 4716 389 4779 lecit,
405 4714 621 4770 manducandam
642 4712 763 4768 donauit.
782 4711 859 4769 Unde
875 4714 928 4771 illis
944 4730 1019 4773 asse·

229 4810 283 4863 ruit
306 4808 420 4874 diceus:
437 4806 494 4859 lior
513 4815 655 4875 estcorpus
675 4820 761 4859 meunt
774 4802 852 4878 (Luc.
877 4822 944 4873 xxti,
962 4807 1017 4874 19).

229 4900 261 4953 iit
285 4898 349 4967 qnia
373 4897 407 4951 de
432 4912 481 4951 suo
498 4896 608 4968 proprie
633 4897 742 4967 proprio
765 4911 881 4967 corpore
904 4898 1018 4964 diceret,

228 4990 376 5060 subiunxit,
396 4990 447 5057 Qut
461 5007 508 5060 pro
522 4991 591 5045 uobis
609 4990 727 5045 tradetur
744 4989 845 5061 (ibid).
859 4988 944 5045 Nema
964 4991 1019 5046 itae·

229 5084 292 5137 sitet
309 5096 390 5152 super
403 5082 464 5145 boe,
479 5081 550 5152 quod
571 5080 697 5136 Christus
713 5094 795 5136 carue
809 5095 858 5135 sua
871 5080 1018 5152 discipulos

228 5174 360 5230 cibaverit
372 5189 446 5241 suos,
461 5190 522 5230 rum
537 5174 614 5231 cibus
634 5174 686 5229 iste
702 5174 855 5228 animarum
874 5175 910 5229 sit
928 5174 1018 5242 potius

1072 4630 1127 4676 turn
1150 4620 1236 4675 ileum
1257 4618 1308 4674 sibi
1334 4622 1510 4677 reconciliare
1529 4625 1667 4693 potuerit,
1694 4626 1815 4695 quandiu
1837 4630 1865 4681 in

1070 4712 1171 4786 peceati
1183 4710 1322 4769 uoluntate
1336 4716 1529 4783 permanserit.
1542 4716 1640 4771 Ceteri
1655 4718 1791 4787 siquidem
1805 4735 1866 4774 san·

1070 4808 1107 4862 cti
1123 4805 1266 4861 Dominum
1282 4806 1367 4861 ileum
1379 4815 1468 4874 orant,
1482 4816 1509 4863 et
1521 4809 1624 4863 orando
1639 4809 1798 4880 impetrant,
1813 4816 1864 4869 sed

1070 4896 1238 4953 lronorabiiis
1251 4898 1334 4971 Virgo
1345 4898 1429 4952 llaria
1442 4898 1464 4953 si
1478 4897 1553 4954 illum
1565 4913 1599 4954 cx
1619 4902 1736 4971 eoquod
1753 4903 1824 4959 ilcus
1835 4912 1864 4960 ct

1070 4990 1200 5047 Dominus
1212 4998 1269 5057 est,
1289 5005 1403 5045 exorare
1423 4989 1661 5057 meritocreditur,
1676 5006 1710 5047 ex
1726 5008 1761 5049 eo
1773 5005 1864 5049 tamen

1069 5083 1140 5153 quod
1152 5084 1234 5140 hnuto
1246 5092 1300 5147 est,
1314 5090 1341 5138 et
1354 5092 1434 5137 natus
1444 5098 1477 5137 ex
1490 5097 1532 5155 ea,
1546 5082 1622 5153 quasi
1634 5087 1753 5155 quodam
1767 5089 1863 5143 matris

1070 5174 1184 5243 imperio
1196 5172 1266 5243 apud
1284 5172 1370 5241 ipsum
1388 5171 1535 5242 impetrare
1547 5174 1679 5244 quidquid
1691 5175 1806 5232 uoluerit
1816 5179 1863 5247 pia

228 5262 417 5333 intelligendus
431 5278 512 5333 qnam
530 5280 685 5336 corporum.
707 5266 776 5321 min
799 5266 822 5321 si
839 5280 902 5321 caro
915 5263 1017 5319 Christi
1069 5264 1122 5321 lide
1145 5280 1199 5319 nun
1217 5261 1367 5318 dubitatur.
1392 5262 1460 5318 Nam
1481 5263 1503 5319 si
1525 5264 1641 5333 quilibet
1659 5275 1772 5323 sanetus
1791 5270 1863 5341 apud

227 5353 376 5407 animarum
393 5363 498 5412 tautum
512 5356 590 5411 sibus
605 5372 657 5412 nou
673 5363 763 5421 esset,
777 5364 842 5425 post
862 5354 941 5413 cibos,
956 5367 1017 5407 eor·
1066 5359 1168 5430 justum
1178 5357 1298 5428 judicem
1315 5356 1399 5411 Deum
1412 5357 1518 5411 obtinet
1530 5356 1663 5425 quidquid
1675 5358 1730 5415 sipi
1741 5359 1805 5429 jum
1815 5362 1864 5417 qe.

226 5460 321 5513 porum
337 5432 463 5503 Christus
478 5461 538 5503 eam
548 5447 689 5518 discipulis
702 5461 873 5517 nequaquam
886 5445 1015 5499 dedisset.
1069 5449 1164 5516 betur,
1179 5448 1237 5503 haec
1248 5456 1360 5517 quaeest
1373 5456 1459 5501 mater
1468 5446 1569 5516 iudicis
1580 5456 1607 5502 et
1617 5448 1739 5504 omnium
1751 5462 1864 5507 sartam.

226 5536 311 5592 llorte
321 5552 377 5592 suae
386 5540 477 5595 crtrnis
488 5540 603 5595 redemit
614 5552 809 5605 snosjsuorum
820 5536 902 5591 etiam
912 5536 1018 5590 atriruas
1069 5555 1128 5593 rum
1141 5536 1266 5603 domina,
1275 5536 1337 5607 jure
1348 5536 1443 5591 raratris
1455 5551 1592 5605 nunquam
1607 5535 1790 5595 fraudabitur.
1804 5540 1866 5598 llue

226 5632 321 5683 nudent
345 5646 428 5687 carue
450 5631 626 5701 spiritualiter
646 5630 726 5700 pavit.
753 5628 830 5683 Fecit
852 5629 924 5683 enirn
947 5628 1018 5683 brus
1067 5637 1110 5685 est
1121 5629 1192 5683 eniat
1204 5627 1320 5685 materni
1332 5626 1403 5697 juris
1414 5627 1484 5695 apud
1497 5625 1566 5682 iilius
1576 5626 1708 5698 dignitate
1719 5630 1867 5697 subtimes.

226 5720 455 5791 quadrantium
478 5723 549 5791 qnod
566 5722 648 5778 uoluit
669 5720 757 5777 iacere
771 5719 868 5791 potuit.
889 5718 1016 5789 Alioquin
1068 5730 1097 5777 ut
1112 5721 1135 5777 si
1148 5733 1197 5785 eos
1212 5728 1312 5775 matres
1327 5730 1419 5773 eorum
1440 5716 1536 5785 sepius
1553 5724 1663 5789 rogent,
1679 5718 1744 5788 quia
1759 5721 1869 5779 ιιοιιιῑιιι
