4017 6342
103 408 155 467 585

846 402 991 461 utlibet.

1688 366 1788 465 aaa

104 522 139 580 tis
153 524 279 592 corporis
293 524 355 592 plus
368 518 526 577 decrescunt
537 516 637 575 oillcia.
649 516 803 575 Invenimus
827 534 894 589 prae-
909 528 933 583 Α
949 518 1032 575 baum
1047 520 1149 591 aliquid
1160 538 1192 577 ac
1204 530 1309 578 ceriam
1325 521 1444 590 drinare,
1460 493 1743 589 memoriarulraberc,

105 621 176 667 terea
191 625 274 667 senes
289 609 434 679 plerosque
447 624 508 664 cum
524 609 556 663 ad
574 609 653 662 laleiu
667 609 840 678 pervenerint
855 624 898 663 se-

103 712 249 769 nectutem,
276 704 396 759 utnulla
423 702 460 757 sit
486 702 512 756 in
531 702 571 757 eis
600 699 732 755 lortitmlo
756 716 898 771 corporea,

104 804 167 848 ιιιιιε
190 794 295 865 pollere
316 794 433 847 consiliu
457 774 574 845 filinam
601 800 628 845 ει
654 792 728 847 οιιιιιι
755 792 897 862 sapientia.

101 885 171 941 llinc
191 886 285 955 itaque
308 886 419 941 evidens
434 884 572 954 colligitur
597 882 677 946 ratio,
700 888 772 951 quod
798 899 900 953 nequa·

101 990 181 1047 quam
208 984 243 1033 (le
272 977 469 1032 elementorum
494 976 592 1043 copula
620 974 761 1030 rationalis
786 976 900 1043 prodeat

100 1071 204 1134 areima,
219 1070 269 1124 sed
291 1070 363 1124 sieut
376 1067 502 1139 superius
517 1068 646 1133 diximus,
660 1066 694 1121 sit
706 1082 754 1136 per
769 1081 797 1121 se
813 1065 899 1121 subsi-

97 1171 177 1215 stens
195 1158 358 1215 substantia.
380 1156 516 1228 Quidquid
529 1158 600 1212 enim
614 1172 696 1210 uirum
710 1170 823 1212 ricimero
834 1156 895 1210 eri·

99 1262 174 1309 steus
195 1263 224 1307 et
238 1254 264 1308 in
281 1252 323 1307 siti
338 1264 434 1307 natrrra
459 1250 627 1306 immutabile
645 1263 817 1320 permanens,
835 1264 899 1302 cou-

102 1346 249 1400 irariormn
264 1353 305 1399 εει
323 1342 507 1413 susceptibile,
525 1342 675 1396 substantia
688 1350 731 1395 est
744 1341 837 1411 utique
851 1356 900 1411 per

97 1450 126 1490 se
135 1436 305 1491 subsistens.
315 1434 448 1501 Quoniam
458 1432 542 1503 igitur
552 1434 642 1486 anima
657 1444 709 1485 ιιιιιι
721 1439 763 1485 εει
775 1444 898 1495 ιιιιιιιειιι,

96 1526 184 1580 veluti
211 1526 346 1590 Platonis,
365 1524 498 1588 Socratis,
513 1522 571 1578 sive
594 1522 739 1592 cujuslibet
755 1522 834 1575 unius
849 1523 899 1576 lio-

94 1619 184 1671 niiuis
201 1619 307 1680 arriana,
324 1632 374 1671 nec
389 1616 414 1669 in
431 1616 472 1669 sui
495 1623 592 1669 iintura
612 1614 745 1667 ullatenus
762 1622 900 1682 permuta-

93 1713 153 1769 tur,
168 1708 221 1761 εει
233 1707 295 1761 boni
311 1706 430 1775 malique
440 1714 481 1758 est
496 1702 689 1773 sumptibilis,
706 1712 792 1759 resim
806 1718 899 1758 neees-

92 1798 174 1852 sario
191 1810 223 1855 ut
234 1802 270 1856 sit
281 1816 330 1871 per
344 1816 374 1856 se
390 1799 543 1855 subsistens
556 1800 721 1855 substantie.
738 1798 795 1853 iloe
807 1807 907 1853 autern·

951 620 979 667 et
993 611 1062 667 velle
1076 628 1166 668 rerum
1184 629 1282 669 causas
1301 614 1449 680 discutere,
1471 624 1499 669 ci
1513 615 1642 671 discussis
1658 614 1691 669 ad
1703 614 1742 670 rei

951 704 1093 759 veritatem
1108 706 1261 775 pertenire.
1276 705 1339 762 Ιιιεε
1361 708 1388 762 ιιι
1409 707 1480 762 nulla
1501 705 1627 761 animalis
1638 707 1741 777 specie,

951 792 1004 848 nisi
1019 795 1046 848 in
1063 794 1121 850 solo
1133 797 1403 866 perurauetliornine.

986 882 1103 940 blovses.
1120 885 1197 950 Quiali
1211 886 1291 939 modo
1310 885 1370 940 isiae
1387 886 1549 943 tresanimae
1563 888 1589 941 in
1604 901 1658 941 uuo
1675 901 1743 941 eun·

950 974 1077 1028 venerint
1088 975 1216 1030 lioiuiuc:
1232 974 1292 1029 duae
1305 974 1408 1029 veroin
1422 976 1624 1031 irrationalibus
1634 978 1741 1030 auima-

950 1064 1033 1119 libus.
1052 1064 1144 1121 Tertia
1169 1075 1258 1120 ιιιιειιι
1280 1065 1335 1120 sole
1351 1065 1378 1119 ιιι
1396 1068 1523 1121 omuibus
1544 1068 1577 1123 de
1601 1079 1673 1123 terra
1694 1083 1745 1121 na·

951 1157 1099 1221 scentibus,
1111 1168 1140 1212 et
1158 1156 1264 1229 ignitio,
1280 1166 1307 1211 ει
1321 1158 1495 1213 rebemeiuer
1504 1158 1634 1225 admiror.

985 1246 1103 1303 Pennus.
1136 1248 1163 1302 lu
1197 1247 1375 1319 quorumdam
1418 1247 1639 1317 pbilosophorum
1666 1248 1744 1303 libris

950 1332 1013 1405 legi,
1029 1335 1174 1405 quodcum
1201 1350 1291 1390 rerum
1314 1335 1415 1407 placuit
1429 1336 1547 1391 creatori
1564 1336 1743 1391 salutantium

950 1425 1073 1478 oiriiiium
1100 1433 1182 1493 atque
1206 1426 1353 1479 virentium
1377 1441 1524 1497 procreare
1537 1442 1661 1497 corpora,
1677 1442 1744 1498 qua·

951 1526 1013 1571 tuor
1041 1516 1069 1571 ιιι
1097 1532 1179 1571 urium
1214 1516 1387 1573 commiscuit
1417 1518 1562 1584 clenicam,
1596 1529 1743 1574 eteorum

950 1608 1098 1679 qualitates
1124 1608 1206 1663 aliam
1231 1624 1279 1665 sua
1302 1612 1462 1680 temperavit
1496 1612 1647 1678 centinaria,
1672 1619 1742 1666 etex
1852 1615 1856 1633 ¹

951 1700 997 1757 illa
1029 1702 1222 1757 conmunione
1251 1712 1391 1771 procreata
1415 1713 1479 1759 sunt
1503 1718 1617 1775 corpora
1646 1720 1745 1775 supra·

951 1795 1033 1850 dicta.
1045 1794 1084 1849 Ex
1100 1794 1262 1867 qualitatum
1280 1811 1345 1851 sero
1358 1799 1536 1869 teruperauiia
1551 1805 1667 1868 quatuor
1681 1814 1743 1868 pro·

90 1890 182 1943 modo
205 1892 340 1960 probatur
355 1894 426 1961 quod
443 1906 495 1945 non
511 1891 547 1946 sit
569 1905 712 1960 corporea.
729 1888 824 1945 Oiniiis
839 1904 899 1942 cor·
915 1892 1084 1947 Bveneruut
1108 1897 1224 1953 naturae,
1246 1903 1314 1959 quas
1325 1888 1501 1959 praelaturus
1514 1889 1637 1954 uirtutes,
1659 1904 1743 1959 appe·

90 1978 175 2049 poris
189 1981 310 2049 qualitas
328 1980 454 2035 luitnanis
464 1980 584 2051 subjacet
601 1981 736 2036 sensibus.
750 1978 898 2050 Crrjuscun·

89 2086 147 2141 que
170 2081 268 2127 autern
292 2073 332 2127 rei
353 2072 496 2143 qualitates
516 2072 581 2127 ιιιιιιι
604 2086 735 2143 corporeo
758 2071 899 2139 subjacent

89 2163 205 2231 sensui,
237 2180 289 2220 nee
311 2178 441 2234 corporea
466 2172 509 2219 est
529 2164 587 2235 ipsa
609 2162 733 2218 dicenda.
750 2160 897 2231 eraliiaics

90 2266 193 2313 autem
210 2258 314 2313 atrimae
327 2259 428 2313 bouum
442 2266 506 2313 sunt
516 2268 543 2313 et
553 2258 667 2323 turrilum,
679 2274 738 2328 qua
750 2258 824 2312 nullo
837 2272 898 2312 cor-

89 2362 181 2420 poreo
197 2350 390 2421 percipiuntur
402 2364 492 2405 senisu.
507 2348 603 2403 Anima
621 2350 703 2419 igitur
714 2366 765 2403 riou
782 2358 823 2404 est
838 2365 899 2404 cor-

92 2458 192 2515 perea.
223 2444 290 2499 item
316 2445 388 2500 idem
417 2446 473 2501 alio
496 2446 536 2502 ειε
566 2446 699 2517 probatur
726 2454 896 2515 argumento.

94 2538 185 2593 diune
199 2550 305 2607 cerpus
316 2536 407 2606 aliquo
419 2552 552 2607 corporeo
565 2536 714 2607 percipitur
727 2551 818 2590 sensu.
834 2534 899 2590 Ani·

96 2642 135 2682 tua
152 2633 255 2681 autern
276 2626 341 2681 nulli
363 2625 485 2695 subjacet
510 2628 632 2699 corporis
655 2626 758 2682 sensui.
782 2626 839 2682 Non
857 2637 899 2683 est

97 2734 157 2788 eigo
189 2732 338 2786 corporea.
363 2716 426 2773 Hire
440 2719 521 2773 etiarn
538 2720 627 2773 anima
642 2726 770 2787 corrupto
785 2734 899 2787 corpore

100 2824 148 2863 non
168 2808 370 2877 corrumpitur.
383 2808 510 2879 Corporis
532 2825 650 2878 irataque
665 2810 803 2879 corruptio
814 2810 899 2864 tribus

102 2900 187 2956 modis
201 2899 247 2964 ιιι,
269 2898 311 2953 vel
334 2914 394 2954 eum
407 2902 472 2969 quid
493 2902 635 2956 marcessit
648 2908 674 2955 el
693 2902 802 2967 arescit,
819 2910 847 2955 itt
871 2902 898 2955 in

104 2992 247 3047 arboribus
263 2992 387 3047 viderrrus
402 3003 429 3048 et
449 2993 552 3059 lierbis,
573 2994 613 3047 vcl
629 3009 690 3047 ειιιιι
705 2994 897 3047 detrimontum

106 3083 141 3137 sni
155 3084 272 3151 patitur,
286 3094 316 3138 ut
327 3084 366 3138 sal
383 3082 424 3139 rel
445 3084 536 3139 lenmn
557 3101 618 3139 cum
634 3086 667 3141 dc
687 3086 746 3140 loeo
761 3087 795 3141 ad
811 3084 897 3140 locum

104 3184 240 3243 moretur,
265 3174 391 3231 teletam
416 3176 583 3243 dissolv-itur,
601 3176 737 3232 uidemus
762 3192 823 3232 curu
850 3178 898 3230 dc-

106 3266 225 3332 struitur,
241 3264 286 3321 vel
304 3265 413 3336 aliquod
435 3281 559 3322 vascam
580 3265 724 3336 lraiigiiur.
747 3266 824 3321 Nulla
850 3282 897 3321 au-

106 3369 157 3413 ιειιι
180 3359 280 3413 barum
304 3357 335 3412 ili
359 3359 410 3413 nisi
432 3359 475 3413 vel
499 3360 526 3414 in
549 3374 674 3429 corpore,
691 3360 733 3413 vel
750 3358 776 3413 in
794 3374 823 3414 rc
838 3374 897 3429 quse

106 3450 211 3521 corpori
225 3450 336 3507 accidit.
350 3448 404 3505 Sed
426 3451 516 3505 anima
532 3466 581 3505 uec
595 3466 694 3519 eorpus
707 3463 758 3517 est,
772 3466 823 3506 nce
839 3448 897 3505 iiiu-

107 3542 185 3597 datur
204 3544 375 3613 incorpore.
399 3540 479 3597 Nullo
507 3543 598 3613 itaque
628 3543 724 3596 borum
746 3544 897 3597 moderor⁴

107 3636 249 3705 rumpitur.
266 3634 401 3691 Praeterea
415 3634 473 3690 baec
485 3636 542 3705 ipsa
557 3634 697 3689 rationalis
711 3636 801 3688 anima
814 3634 897 3687 honri·

108 3722 148 3776 riis
162 3724 280 3793 speciem
291 3724 418 3796 complet,
431 3725 558 3795 quioniam
575 3725 631 3795 ipsa
643 3723 801 3778 rationalem
816 3722 897 3779 cilicii

107 3812 250 3870 bominem.

142 3904 255 3961 ιιοιεεε.
276 3903 346 3973 Quid
383 3904 501 3977 Spiritus
539 3906 689 3978 corporalis
718 3920 733 3958 a
772 3902 895 3959 rationali

108 3995 211 4052 atterat
228 3998 319 4054 anima
342 4000 587 4070 patenteraguori.
604 3999 657 4055 Sed
682 4000 810 4069 quoniam
835 3999 897 4069 pbi-

110 4086 211 4158 losopbi
223 4090 319 4146 dicunt
340 4091 366 4144 iu
381 4090 504 4147 bonrines
518 4100 572 4147 ires
586 4105 648 4147 esse
660 4092 776 4157 animas,
789 4092 895 4163 postulo

111 4187 140 4232 ut
152 4194 271 4249 quaenam
285 4180 327 4235 bae
342 4181 396 4235 siut
409 4182 526 4251 aperias.

144 4268 257 4328 Parnes.
272 4271 341 4326 Tres
359 4272 411 4326 illa
423 4286 491 4342 quas
506 4272 596 4327 dicum
609 4272 717 4339 anima,
732 4280 795 4327 sunt
806 4273 895 4329 anima

109 4360 274 4429 vegetabilis,
290 4363 381 4417 anima
394 4362 525 4427 bestialis,
545 4363 634 4416 aninta
658 4362 807 4418 rationalis.

145 4450 255 4509 Ιιιιειε.
277 4453 377 4507 llaritm
404 4452 571 4525 sirigmarum
599 4468 680 4524 opera
705 4462 732 4508 et
756 4452 842 4509 officia
866 4460 896 4508 ιιι

21 4592 23 4625 3
111 4544 181 4601 tlieas
191 4547 342 4619 expostulo.

22 4646 23 4665 ι
146 4636 256 4695 Penus.
278 4638 320 4694 ilb
343 4640 406 4695 imis
419 4638 453 4694 ad
479 4638 619 4710 superlore
641 4638 773 4711 gradatim
798 4654 894 4695 ascen·

23 4764 24 4767 =
112 4726 173 4783 dere
199 4731 273 4786 libet.
310 4728 474 4803 vegetabilis
501 4732 598 4786 animae
633 4732 685 4787 duo
710 4740 773 4786 sunt
797 4730 893 4786 ollieia.

24 4808 26 4869 i
112 4812 184 4872 l'neit
214 4820 285 4875 enirn
304 4834 395 4875 rerum
427 4820 637 4884 incrementum,
679 4829 706 4874 ει
737 4820 895 4888 corporibus

114 4906 175 4974 iper
192 4920 299 4982 praestat
326 4910 534 4966 nutrimentum.
561 4910 617 4967 Ηοε
639 4920 729 4967 atatem
752 4922 895 4981 utrumque

26 4990 28 5001 '
115 5014 164 5053 nou
176 5002 236 5059 iacit
249 5004 301 5059 nisi
323 5018 372 5075 per
395 5014 513 5075 quatuor
534 5015 638 5061 naturae
651 5004 776 5069 virtutes,
792 5002 895 5074 appeti·

116 5089 191 5147 tivaei
213 5095 332 5160 scilicet,
352 5096 532 5160 retentiram,
556 5096 715 5165 digestivam
744 5102 772 5149 et
799 5094 893 5166 expul-

117 5180 203 5239 sirim
215 5186 250 5241 ιιι
263 5189 321 5245 bac
334 5188 426 5243 areima
445 5187 472 5243 in
484 5188 609 5244 omnibus
620 5186 758 5243 invenitur
772 5186 894 5256 virgultis

115 5272 148 5327 ile
165 5284 232 5333 terra
255 5279 440 5343 nascentibus,
456 5290 483 5336 ει
502 5278 636 5335 ιιιιιιειειε
655 5278 810 5333 animalium
834 5292 894 5349 spe·

108 5360 208 5421 «iebus.
236 5366 328 5425 Officia
356 5380 446 5424 sutem
471 5368 593 5425 bestialis
615 5368 722 5434 irrina,
748 5384 811 5423 vere
830 5376 894 5424 sunt

106 5460 356 5528 comederemus,
389 5473 479 5517 ruotris
500 5462 581 5517 etiarn
607 5460 641 5517 de
663 5462 722 5517 loco
735 5462 768 5515 ad
793 5460 893 5517 locum.

103 5541 170 5605 Haec
184 5561 273 5609 autem
287 5552 315 5609 in
336 5552 499 5611 animalibus
520 5562 622 5609 tantuin
639 5554 784 5625 reperitur,
796 5564 823 5609 et
836 5555 894 5611 bace

103 5640 195 5699 wana
219 5660 282 5699 cum
324 5644 422 5716 spiritu
451 5642 587 5715 corporali
618 5644 694 5715 quasi
733 5644 893 5714 quibusdam

100 5734 219 5793 ¹¹eribus
231 5737 369 5793 counitur.
386 5736 538 5793 badonalis
550 5748 641 5794 autern
656 5736 753 5793 anima
765 5736 822 5794 bec
831 5746 893 5796 sunt

97 5814 200 5897 olbia,
236 5828 374 5894 meditari.
396 5830 525 5885 meditata
552 5830 702 5899 reeordari,
724 5830 891 5902 meminere,

254 5926 393 5989 Parnoi.
417 5922 533 5985 cavit.

950 1979 1026 2034 titiva
1052 1978 1167 2046 scilicet,
1203 1981 1345 2047 retentiva,
1374 1982 1506 2052 digestiva
1539 1990 1566 2037 et
1590 1982 1742 2053 expulsiva.

949 2070 1115 2142 Corporibus
1139 2081 1229 2127 autem
1257 2072 1411 2143 liujusmodi
1438 2076 1592 2144 procreatis
1615 2074 1743 2129 omiribus

948 2162 1058 2233 quidem
1090 2164 1248 2235 vegetabilis
1275 2165 1390 2219 adlraesit
1415 2164 1508 2219 aalma
1534 2175 1562 2219 et
1586 2179 1634 2219 sua
1657 2164 1684 2219 lu
1700 2166 1758 2234 eis¹

949 2254 1071 2311 exercuit
1098 2254 1195 2324 officia,
1219 2257 1368 2313 crescendo
1403 2257 1517 2323 scilicet,
1544 2258 1690 2312 nutriendo
1713 2266 1743 2311 et

950 2346 1115 2418 generando.
1133 2347 1327 2403 Subtilioribus
1347 2356 1437 2404 auteur
1452 2347 1575 2403 bestialis
1585 2348 1680 2418 jrrueta
1699 2360 1743 2403 est

949 2438 1053 2503 anima,
1083 2446 1113 2493 ut
1127 2455 1175 2493 sua
1198 2440 1226 2494 iu
1254 2440 1292 2494 eis
1304 2439 1433 2495 exhibere
1454 2449 1544 2509 posset
1554 2437 1653 2503 odieia,
1673 2454 1744 2509 prae·

949 2527 1047 2583 stando
1067 2527 1172 2583 scilieet
1188 2543 1298 2582 sensum
1310 2537 1337 2583 ει
1353 2537 1457 2582 ιιιοιιιιιι
1468 2529 1502 2583 de
1515 2527 1574 2582 loce
1587 2526 1621 2581 ad
1638 2528 1742 2588 locuur.

949 2616 1027 2685 Quod
1052 2628 1142 2673 autem
1167 2633 1201 2673 ex
1215 2618 1254 2673 cis
1268 2618 1389 2673 onmium
1411 2618 1625 2681 subtilissimum,
1639 2619 1762 2699 levissi-v

949 2724 1024 2764 ntum
1044 2710 1096 2765 luit
1109 2718 1137 2766 ει
1157 2710 1429 2781 temperatissimum,
1452 2720 1479 2765 ct
1492 2710 1526 2764 ad
1540 2712 1740 2782 suscipiendam

949 2800 1082 2856 rationein
1103 2801 1274 2871 aptissimum
1300 2798 1338 2853 illi
1359 2816 1388 2856 se
1412 2801 1554 2856 rationalis
1567 2802 1740 2857 auinrasoci·

949 2892 1043 2948 arilei
1055 2893 1099 2947 illa
1113 2908 1162 2949 sua
1180 2910 1239 2965 quae
1258 2894 1433 2963 praediximus
1448 2893 1535 2949 odleia
1551 2894 1587 2948 ibi
1607 2894 1740 2949 eslrilmit.

949 2980 1007 3035 Hoc
1027 2983 1118 3053 itaque
1131 2985 1210 3039 ruodo
1227 2982 1306 3051 juxta
1322 2986 1487 3039 volueri-rtem
1504 2985 1550 3039 bei
1572 3000 1605 3039 ac
1626 2988 1743 3055 disposi-
1798 3037 1801 3042 ⁴

950 3072 1061 3137 tiouern,
1079 3081 1134 3127 tres
1148 3073 1201 3128 illae
1215 3076 1313 3130 animas
1324 3092 1420 3131 orienes
1433 3086 1621 3133 conuenerunt
1644 3077 1670 3131 ιιι
1690 3078 1726 3131 bu

950 3160 1033 3227 tuine,
1047 3162 1075 3217 in
1090 3164 1253 3221 aniiualibus
1270 3166 1473 3223 irrationalibus
1486 3168 1655 3225 soluiumodo
1669 3170 1740 3224 duae.

910 3230 932 3289 c
949 3254 1040 3310 Tertia
1055 3271 1145 3311 auteur
1158 3256 1214 3311 sola
1230 3259 1257 3313 in
1274 3258 1417 3315 arboribus
1440 3265 1468 3314 et
1486 3259 1578 3313 lterbis
1589 3276 1649 3331 (quar
1676 3274 1741 3315 tras-

948 3355 1049 3401 cuntur
1065 3347 1098 3403 de
1120 3346 1225 3404 tellure.

983 3438 1098 3496 blovses.
1119 3440 1191 3496 Bene
1211 3440 1249 3495 tui
1270 3440 1357 3512 gratia
1374 3440 1446 3513 tqttoil
1464 3441 1620 3513 ignorabam
1643 3450 1737 3495 osten·

948 3530 1083 3597 disti,sed
1104 3548 1187 3587 unum
1207 3544 1293 3589 restat
1315 3536 1387 3605 quod
1400 3533 1466 3589 inibi
1493 3532 1599 3604 postulo
1626 3533 1738 3602 aperiri.

947 3624 1015 3679 Cum
1028 3627 1100 3681 enirn
1116 3642 1230 3697 corpora
1247 3628 1338 3681 omnia
1359 3627 1394 3681 de
1414 3636 1531 3697 quatuor
1544 3626 1600 3695 s'qit
1621 3626 1741 3680 elemen-

948 3712 983 3769 tis
996 3716 1157 3785 composita,
1176 3718 1352 3771 veliementer
1366 3716 1487 3771 admiror
1500 3729 1587 3786 quare
1602 3714 1655 3770 alia
1679 3714 1741 3770 aliis

946 3804 1066 3859 existant
1077 3805 1188 3861 leviora.

983 3901 1101 3959 Psrnes.
1121 3902 1177 3957 lloc
1189 3902 1325 3975 contingit
1344 3903 1402 3958 sire
1416 3918 1450 3957 ex
1467 3902 1626 3957 diversitate
1651 3917 1739 3973 quau·

947 3994 1055 4049 litatum
1077 3995 1284 4057 elementorum,
1310 3996 1337 4049 iu
1352 4009 1497 4064 corporum
1513 3994 1654 4049 creatione
1675 3994 1741 4049 inae-

947 4086 1064 4156 qualiter
1078 4086 1315 4155 ailjunetorunr,el
1338 4086 1538 4141 exdirersitate
1554 4086 1741 4156 temperantias

946 4178 1108 4247 qualitatum
1124 4194 1229 4234 eoruru.
1243 4175 1352 4245 Quodsi
1368 4178 1470 4249 largius
1489 4192 1571 4233 ιιοεεε
1587 4176 1737 4245 desideras,

947 4272 1064 4328 inlibris
1083 4272 1205 4329 invenies
1226 4272 1458 4342 pliilosopliorum,
1483 4270 1546 4339 quia
1565 4269 1600 4325 ad
1620 4284 1740 4341 praesens

947 4364 981 4421 de
1004 4364 1157 4433 lirtjitsmodi
1187 4378 1217 4418 re
1237 4362 1416 4433 explananda,
1442 4377 1494 4417 uec
1520 4371 1627 4430 tempus
1654 4361 1739 4415 babe-

947 4473 1018 4522 inus,
1041 4472 1092 4511 uec
1117 4457 1217 4523 locum,
1241 4455 1274 4511 ad
1288 4463 1408 4510 vestrum
1422 4455 1513 4527 potius
1531 4465 1635 4511 cataros
1650 4453 1740 4511 redire

908 4570 936 4633 D
948 4548 1127 4619 proposituras.

983 4636 1099 4693 llorsss.
1122 4637 1180 4693 lluc
1196 4651 1282 4709 usqne
1304 4636 1371 4691 satis
1392 4634 1578 4707 pliilosoplricc
1604 4635 1738 4703 tractasti,

946 4741 1007 4797 quae
1028 4725 1155 4782 distantia
1179 4725 1215 4781 sit
1235 4728 1306 4782 iuter
1321 4726 1446 4797 spiritum
1459 4727 1627 4796 corporalem
1640 4735 1669 4779 et
1680 4724 1740 4781 ani·

947 4835 1019 4874 itiam
1046 4820 1216 4875 rationalem.
1245 4820 1299 4875 Sed
1321 4820 1450 4891 quoniam
1483 4819 1573 4875 miuus
1596 4818 1739 4875 doctorum

946 4911 1084 4983 simplices
1098 4921 1203 4969 trientes
1217 4912 1357 4969 subtilium
1373 4914 1509 4969 rationum
1525 4911 1661 4983 proluuda
1683 4926 1739 4969 nott
1768 4962 1773 4987 ·.

946 5014 1100 5075 penetrant,
1113 5006 1236 5062 cairidern
1248 5006 1428 5061 differentiam
1442 5005 1510 5077 legis
1531 5014 1578 5061 aut
1593 5005 1739 5076 propbeta·

946 5112 1005 5152 rum
1021 5112 1122 5167 quaeso,
1139 5098 1162 5153 ει
1181 5097 1266 5163 vales,
1291 5097 1446 5153 tesliruouio
1461 5096 1558 5168 proba,
1573 5105 1603 5155 ιιι
1623 5112 1737 5169 quoram

945 5188 1139 5260 profundarum
1180 5190 1315 5245 rationum
1350 5190 1472 5261 gravitas
1500 5205 1554 5245 uon
1595 5189 1740 5247 illustrarit

946 5292 1076 5346 nterrtem,
1090 5280 1130 5334 eis
1144 5280 1241 5336 saltem
1256 5282 1407 5338 auctoritas
1424 5280 1508 5336 iaciat
1520 5280 1612 5337 idem.

981 5371 1099 5430 Pennus.
1120 5375 1149 5430 ln
1171 5377 1286 5431 exordio
1307 5376 1369 5432 libri
1406 5375 1544 5432 Geneseos
1566 5372 1674 5444 noym
1700 5367 1738 5422 ab

944 5469 1095 5539 propbeta:
1118 5466 1256 5525 Formarit
1274 5468 1345 5525 beris
1370 5470 1503 5524 tramittens
1523 5465 1632 5521 delirio
1648 5472 1736 5528 terrie,

944 5566 968 5613 st
988 5556 1124 5627 inspirarit
1138 5559 1166 5614 iit
1177 5558 1272 5631 [acient
1283 5559 1340 5631 ejas
1350 5558 1511 5629 spiracabttit
1525 5555 1597 5623 tritoe,
1609 5563 1635 5609 et
1647 5551 1737 5621 ιιιιιιιε

944 5658 982 5703 ert
994 5650 1073 5705 berae
1086 5650 1114 5705 iit
1132 5652 1249 5707 animarit
1263 5652 1384 5706 riremsm
1403 5646 1479 5721 (Gan.
1494 5647 1538 5719 ιι),
1551 5661 1601 5718 per
1613 5644 1738 5716 spiraeo·

944 5738 1000 5796 lum
1015 5741 1120 5798 seilicet
1141 5742 1202 5801 rite
1217 5742 1341 5813 spiritum
1354 5739 1536 5813 corporalem,
1547 5753 1597 5811 per
1615 5735 1739 5793 animans

944 5847 1010 5889 reru
1023 5834 1172 5905 viventem,
1192 5835 1351 5895 rationalem
1370 5832 1522 5904 intelligens
1534 5832 1664 5887 animaru.

1521 5925 1558 5995 tt
