4017 6342
263 383 316 443 979
757 372 932 432 Tlllol'llllll
951 370 1096 427 testrts
1113 368 1397 427 artennacen'ms
1829 366 1874 423 tet

263 511 365 558 tartctts
376 501 431 555 suis
442 499 513 554 licus
524 496 560 550 sit
574 491 694 563 dapsilis,
725 491 890 556 misericors,
906 486 1046 559 praestalti-
1061 492 1083 547 Α
1098 486 1133 541 tis
1149 494 1254 558 typum;
1276 487 1347 557 qrtod
1361 484 1449 539 Patris
1467 481 1578 537 Verbum
1597 498 1659 537 caro
1676 482 1776 552 suatur
1793 483 1875 552 (loun

263 592 307 658 lis,
324 600 351 647 et
366 589 505 645 ntiraltilis.
519 585 574 640 Nee
591 584 689 639 mirum
703 590 757 648 est,
772 591 928 638 sanctoruni
944 581 1048 648 intima,

262 681 403 737 etertima
418 687 490 732 tanta
513 674 658 747 gloriticari
681 673 811 728 virtutum
836 671 1048 741 ntagttilicentia,

261 787 323 826 cum
334 771 368 825 de
384 770 423 825 eis
443 769 581 822 incarnata
603 766 692 821 Patris
707 772 872 834 protestetur
885 764 1024 833 Sapientia
1040 779 1048 815 ε

262 862 357 917 Omnia
370 876 428 913 men
450 869 497 916 tau
520 868 592 922 tuat,
615 868 638 911 et
656 868 701 911 trra
718 872 777 911 urea
797 853 887 923 (ioan.
903 869 969 919 aru,
984 850 1046 921 td);

259 966 310 1007 uec
322 950 469 1005 secundum
484 947 582 1018 aqttiltc
595 948 677 1002 altius
693 946 807 1001 uolantis
821 944 963 1015 Augustini
985 958 1049 998 sen·

260 1041 381 1103 tentiam,
398 1040 439 1097 las
451 1040 497 1098 sit,
513 1048 543 1093 ιιι
558 1040 644 1092 saneti
664 1037 822 1107 cujusquam
841 1037 907 1100 siut,
922 1035 975 1089 uisi
990 1034 1049 1104 ejus

257 1150 274 1188 a
295 1147 351 1203 qrto
372 1132 466 1199 creati,
490 1141 518 1185 et
540 1130 702 1186 sartorilicati
719 1138 798 1195 sttrtt;
815 1144 847 1184 ae
869 1144 919 1198 per
941 1128 1002 1193 laos,
1021 1136 1050 1183 et

257 1226 359 1303 omnia,
380 1241 441 1295 patae
463 1225 584 1290 ipsorum
606 1231 669 1279 sunt
689 1237 802 1279 necesse
815 1222 852 1278 sit
862 1232 903 1292 ⁴ut
923 1221 982 1294 ejtrs
994 1221 1050 1277 sint

256 1315 335 1386 ettjus
347 1323 375 1370 et
390 1315 441 1388 ipsi
458 1316 523 1381 siut.

527 1432 727 1507 ιιιιζιιιιιιιιΙ
746 1432 779 1489 r.

256 1570 298 1632 De
309 1569 456 1642 liqttorilut
468 1585 553 1641 aqttoe,
566 1580 588 1627 et
601 1570 666 1643 elui¹
678 1577 703 1622 et
717 1567 777 1630 olei.
792 1577 818 1621 et
829 1566 918 1630 tumba
932 1564 1049 1620 Nicolui.

291 1681 332 1739 lle
351 1696 418 1736 mro
440 1682 577 1737 lastidinm
599 1690 709 1753 generet
727 1680 854 1737 incultior
873 1689 901 1734 et
919 1680 1050 1749 pristiniae

255 1772 355 1839 oratio,
369 1773 468 1827 silentii
486 1772 605 1827 clausula
621 1773 769 1843 supprimo,
785 1786 865 1843 uuam
880 1772 1009 1841 stttpcuda
1022 1784 1050 1827 ct

1101 591 1123 643 t,
1138 577 1192 649 ll),
1206 577 1344 647 signorum
1358 590 1468 632 sttorum
1482 574 1568 631 soluit
1579 588 1639 629 esse
1653 574 1771 637 initituu,
1784 590 1841 629 curn
1854 578 1876 631 in

1101 668 1173 723 Cotto
1185 666 1302 723 Goliltetr
1314 667 1378 723 illud
1391 667 1542 722 conuaterit
1556 666 1583 719 in
1595 666 1685 720 uinttm
1698 664 1787 735 (lautu.
1799 682 1826 735 ιι,
1838 668 1875 737 9);

1100 760 1170 830 qttod
1183 760 1210 814 in
1223 760 1445 829 redemptionem,
1460 767 1488 813 et
1503 756 1668 813 ablutionem
1690 757 1813 812 humana.
1826 774 1878 827 pro·

1099 854 1215 925 paginis,
1232 853 1266 907 de
1282 852 1363 907 latere
1383 868 1431 907 auo
1448 868 1506 905 eum
1521 852 1648 921 sanquine
1667 850 1787 919 profudit
1798 851 1876 921 (lauru.

1099 964 1158 1013 xta,
1173 948 1218 1020 dl)
1232 948 1258 1003 itt
1274 946 1402 1003 Ecclesiae
1417 960 1473 1001 suae
1489 944 1637 1015 sponsalia,
1651 952 1679 999 et
1697 942 1793 1014 pignus
1805 943 1879 999 ltere·

1100 1038 1226 1093 ditarium
1242 1055 1250 1093 s
1269 1036 1344 1107 quid,
1359 1037 1483 1105 inquam,
1494 1034 1656 1099 mirandum,
1674 1032 1700 1087 si
1712 1034 1820 1102 pervlroo
1830 1031 1878 1100 glo-

1100 1131 1215 1189 rillcsvit
1233 1139 1355 1185 sanctum
1376 1144 1454 1185 suum
1467 1142 1581 1183 suntmee
1595 1125 1770 1197 perfeetionis
1784 1126 1876 1191 virutum

1099 1235 1160 1277 cum
1172 1218 1301 1291 (delsub
1314 1219 1398 1274 nostri
1411 1232 1519 1289 quoquo
1531 1215 1659 1286 temporis
1671 1215 1746 1281 laece,
1761 1213 1877 1271 lutulenta

1099 1314 1181 1369 etiam
1202 1329 1281 1383 aqua,
1296 1327 1356 1382 quae
1379 1312 1442 1368 lotis
1461 1325 1601 1367 servorum
1619 1309 1665 1365 liei
1690 1309 1812 1365 manibus
1825 1324 1879 1364 cunt

1100 1408 1167 1479 ipsis
1180 1407 1342 1478 pmjicienda
1356 1414 1398 1463 est
1408 1404 1544 1472 sordiltus,
1559 1403 1711 1460 clanculum
1724 1402 1847 1471 expetita,
1855 1414 1881 1457 et

1099 1510 1255 1553 concessae
1271 1495 1455 1560 cubiculariis,
1470 1496 1575 1551 diversa
1591 1492 1713 1548 eliminet
1729 1506 1831 1562 matera,
1845 1492 1879 1545 in·

1101 1588 1268 1653 tirmitaturn,
1283 1596 1311 1641 et
1329 1588 1463 1657 impertiat
1478 1586 1592 1657 gratiam
1609 1584 1778 1641 sanitatum?
1797 1585 1877 1640 Sancti

1100 1694 1165 1735 sane
1177 1678 1234 1745 oei,
1247 1678 1279 1733 de
1288 1693 1399 1749 quorum
1410 1690 1495 1732 uettrre
1502 1680 1684 1748 prostituerunt
1694 1675 1805 1746 patariae
1813 1692 1880 1747 apum

1100 1770 1163 1823 uinta
1174 1770 1266 1839 (loun.
1283 1784 1330 1831 ru,
1348 1766 1405 1831 58),
1421 1768 1575 1838 spirituales
1595 1766 1719 1838 proiecto
1736 1766 1839 1835 gratian,
1854 1778 1882 1821 et

255 1863 372 1936 jeretmda
396 1862 536 1930 miracula,
561 1878 610 1932 per
624 1863 755 1928 uticenses,
772 1876 849 1931 aqua
872 1862 926 1915 riui
947 1870 975 1915 et
995 1862 1047 1919 olei
1065 1867 1086 1923 Β
1100 1860 1197 1916 llttenta
1211 1862 1330 1917 eoelestis
1343 1860 1484 1927 doctrinae,
1500 1876 1552 1915 rton
1576 1860 1693 1915 biberunt
1707 1861 1735 1913 iu
1750 1859 1791 1913 oia
1803 1858 1880 1930 AEgp·

256 1954 375 2025 liquores
398 1953 504 2008 illorum
529 1962 702 2009 consecratos
728 1952 934 2018 benedictione,
957 1953 1046 2007 diviua

256 2056 365 2118 operata
379 2046 415 2102 sit
425 2046 555 2118 dignatio.
573 2046 626 2103 Sed
639 2060 674 2102 ue
692 2046 779 2102 locum
791 2044 973 2101 calumniandi
986 2046 1046 2101 tlern

255 2138 352 2194 aemulo
379 2137 589 2209 improperanti,
623 2154 654 2193 ea
678 2153 737 2208 prta
760 2138 882 2208 proiero,
909 2153 952 2192 tue
974 2136 1047 2192 ιιιιΙΙο

255 2230 411 2286 autlrentieu
425 2247 504 2303 posse
525 2231 641 2302 probare
664 2230 836 2296 testitnouio;
851 2230 885 2285 tle
898 2245 975 2299 aqum
990 2231 1046 2285 eie-

256 2332 349 2377 nteuto
371 2321 481 2391 liquido,
497 2338 581 2376 unum
604 2332 658 2376 tam
677 2323 788 2377 euidens
812 2319 994 2379 testinnonium
1020 2320 1046 2375 iu

257 2415 376 2467 medium
391 2412 486 2481 aliero,
502 2424 531 2469 ut
545 2415 578 2469 de
592 2415 717 2469 omuiluts
730 2415 791 2469 aliis
804 2416 893 2471 ‹ttttnis
909 2430 1048 2469 rerttotea·

257 2503 462 2570 turdtrltitati03
488 2519 550 2559 eum
572 2512 678 2559 constet
700 2504 811 2574 liquido,
835 2506 901 2575 guid
924 2507 951 2561 iu
968 2504 1048 2561 seriis

256 2593 338 2648 rebtts
351 2592 518 2663 singulorum
531 2592 622 2649 valeat
638 2594 730 2649 meriti
746 2594 876 2660 ostensio,
891 2610 952 2649 curn
965 2592 1047 2649 etiam

257 2684 285 2740 iu
302 2685 381 2755 ringis
394 2684 473 2753 ltttjus
488 2684 600 2755 liqttoris
615 2694 718 2741 tacitum
741 2686 873 2755 profuerit
894 2686 1049 2742 sattctifica·

1097 1954 1145 2024 pti,
1160 1952 1235 2024 (991)
1258 1970 1353 2024 eurtum
1376 1952 1451 2008 Geon
1471 1952 1603 2007 turbidam
1627 1950 1694 2022 (der.
1717 1966 1748 2015 u,
1770 1948 1822 2022 (8),
1838 1952 1880 2007 scd

1098 2059 1196 2113 aqttam
1212 2044 1308 2099 clivium
1322 2044 1470 2113 scripturae
1485 2042 1713 2113 litnpidissimam,
1728 2051 1756 2098 et
1769 2058 1818 2099 tion
1831 2054 1881 2097 tur-

1098 2138 1220 2191 lmueruut
1242 2137 1350 2207 preditus
1374 2138 1429 2191 artis
1451 2136 1576 2207 reliquunt
1592 2134 1700 2207 (deecit.
1726 2152 1816 2201 xxxta,
1840 2136 1879 2205 (8)

1098 2244 1149 2300 qua
1163 2238 1286 2300 potarent
1300 2244 1364 2285 ores
1380 2230 1545 2285 ssotttiuicas.
1560 2229 1622 2284 ldeo
1643 2244 1713 2300 actua
1734 2230 1825 2286 usibus
1840 2246 1881 2287 co

1098 2336 1157 2375 rutu
1179 2320 1421 2390 qtrtttuotlocunque
1438 2320 1568 2382 atlltiitita.
1587 2329 1690 2375 tautam
1708 2321 1806 2377 divinae
1825 2338 1882 2392 ope·

1098 2412 1212 2468 rationis
1235 2422 1378 2467 consecuta
1399 2419 1440 2467 est
1460 2412 1620 2467 efficaciam.
1649 2412 1681 2467 Et
1695 2414 1756 2483 qrtis
1779 2414 1883 2469 tttodicae
1983 2424 1984 2467 ι

1099 2502 1159 2559 litlei
1181 2504 1312 2573 reqrtirat,
1332 2503 1397 2574 quid
1419 2501 1510 2558 caleat
1528 2503 1690 2559 sanctificati
1713 2503 1764 2559 olei
1782 2506 1883 2570 unctio;
1983 2514 1984 2523 ¹

1099 2595 1164 2665 quid
1179 2597 1280 2661 uinttm,
1302 2594 1373 2664 quod
1393 2595 1419 2649 in
1441 2594 1600 2664 sanguinem
1618 2593 1786 2650 [lontiuicum
1801 2610 1885 2651 saeer-

1099 2686 1197 2743 dotalis
1214 2688 1239 2743 in
1254 2686 1336 2743 verbo
1352 2686 1457 2741 llornini
1476 2686 1557 2741 rcrtit
1575 2686 1746 2743 benedictini
1765 2687 1816 2743 Per
1829 2704 1886 2745 cott-

258 2775 306 2829 tio.
330 2775 358 2829 lu
379 2776 508 2832 Gazetrsis
519 2776 634 2845 emporii
649 2775 758 2846 oppido,
773 2790 834 2831 cum
848 2774 957 2845 quidam
972 2774 1048 2845 (tat)
1098 2788 1233 2833 secretum
1251 2778 1350 2849 quippe
1368 2777 1561 2833 nttsectcorctiae
1572 2776 1672 2843 oleum,
1692 2788 1832 2847 reparatur
1846 2798 1886 2835 sa·

256 2865 291 2919 ttd
306 2864 447 2920 Circenses
460 2864 628 2935 ludusequos
642 2865 770 2931 nutriret,
781 2881 812 2919 ac
829 2874 981 2935 suspectum
996 2863 1047 2919 sibi
1099 2866 1141 2923 lus
1160 2870 1311 2923 auiumrum
1332 2878 1361 2924 et
1379 2884 1541 2939 corporum;
1565 2884 1613 2939 per
1632 2870 1736 2941 ιιὶιιιιιιιἸ
1749 2874 1819 2940 ιμιο.)
1837 2884 1887 2927 tetta

256 2957 410 3013 ntalelietun
433 2958 577 3030 quemdam
600 2958 717 3023 timeret,
740 2974 776 3013 ne
797 2958 969 3014 dautroniacis
988 2956 1048 3027 qtti·
1096 2958 1172 3030 jurata
1196 2962 1318 3016 immanae
1338 2962 1542 3021 oottsuetutliuis
1562 2975 1659 3029 usum,
1684 2978 1765 3033 quarn
1787 2964 1887 3021 intelle-

256 3049 370 3104 uastam
395 3050 632 3121 imprecationibus
654 3065 701 3107 eos
724 3050 881 3121 impedirct;
906 3065 939 3106 ac
961 3050 1048 3106 saneti
1099 3060 1172 3106 etum
1194 3051 1350 3121 ottericum,
1374 3050 1491 3119 letificat
1513 3066 1558 3105 cor
1581 3050 1716 3105 luminum
1731 3051 1818 3123 (l’sui.
1832 3070 1886 3119 erat,

257 3141 375 3211 Spiritus
398 3143 559 3199 archisterio
583 3142 719 3199 llilarlone
751 3142 865 3198 nimium
886 3142 1046 3208 reluctante,
1100 3142 1155 3213 (5),
1174 3143 1342 3213 sospitantur
1356 3144 1476 3199 mentltra
1492 3142 1678 3213 languentium
1695 3154 1723 3199 et
1740 3145 1888 3202 exhilaran-

256 3242 350 3301 utpote
364 3234 407 3288 cui
422 3235 541 3304 ineptum
556 3235 642 3289 risum
656 3243 699 3290 est
713 3235 739 3289 in
762 3232 946 3303 lutjuscentotli
967 3230 1083 3303 uugisC
1100 3242 1144 3289 tur
1158 3246 1262 3292 mentes
1280 3236 1462 3291 ttroerentium.
1480 3236 1513 3290 Et
1527 3244 1556 3289 ut
1571 3235 1605 3291 de
1625 3235 1677 3292 olei
1700 3235 1806 3306 liquore
1819 3254 1888 3294 cuttu·
1984 3216 1985 3285 f

257 3326 408 3387 orationem
426 3327 554 3396 perdere;
572 3326 645 3399 ((98)
660 3327 790 3398 scypluuu
810 3325 930 3392 lictilem,
947 3326 974 3380 in
991 3340 1046 3395 qtto
1098 3326 1225 3398 pendiosa
1248 3337 1309 3383 rttar
1331 3328 1487 3392 traditione,
1515 3328 1579 3397 quid
1602 3327 1628 3381 ln
1653 3337 1707 3383 tota
1732 3329 1816 3402 Lycia
1836 3341 1888 3387 tatu

256 3416 351 3472 bibere
368 3420 509 3474 consuerit
528 3419 666 3490 impletum
688 3434 757 3490 aqua
778 3418 882 3489 accepit
905 3428 932 3473 et
953 3417 1047 3473 sauri·
1098 3416 1229 3481 mirabile,
1248 3432 1330 3488 qttatu
1347 3418 1419 3488 qttod
1432 3418 1522 3473 oleum
1537 3431 1648 3476 emanat
1662 3422 1695 3476 de
1714 3430 1811 3492 terque
1823 3437 1890 3493 qua·

257 3506 324 3572 lum,
339 3524 433 3578 equos,
449 3519 478 3564 et
495 3510 603 3577 aurigas
616 3524 690 3575 sttos,
706 3524 900 3578 carcerumque
920 3507 1046 3578 repagrtla

256 3599 285 3653 iu
298 3600 351 3668 tide
362 3600 429 3654 aiiii
442 3602 566 3656 auritum
579 3600 650 3673 (lut.
664 3616 684 3669 t,
697 3600 727 3671 li)
748 3600 873 3670 aspersit.
890 3598 945 3655 Nee
959 3614 1045 3666 ntora,

257 3704 358 3750 statuta
372 3695 416 3749 die
437 3695 499 3750 dato
512 3695 600 3767 signo,
625 3696 653 3751 lai
677 3694 796 3760 auolant,
818 3694 965 3751 adversarii
989 3694 1048 3764 ejus

259 3785 459 3855 praepediuntur
476 3802 483 3840 :
500 3786 551 3839 sub
566 3786 661 3841 iturum
683 3800 766 3843 curru
788 3796 854 3843 rote
877 3786 993 3852 terrent,
1010 3785 1047 3841 illi

257 3875 504 3945 praterrolantium
527 3884 601 3949 terga
627 3879 671 3935 ris
701 3878 814 3946 rident;
838 3878 881 3934 isti
908 3893 970 3934 cum
1003 3879 1047 3933 in·

259 3966 331 4036 genti
345 3969 466 4022 omnium
477 3967 580 4034 lavore,
594 3969 712 4040 gloriosa
724 3972 839 4029 uictoria
850 3972 997 4043 potiuntur,
1011 3970 1048 4028 illi

1099 3516 1193 3578 terque
1213 3508 1283 3563 beati
1304 3507 1417 3575 Nicolai,
1438 3509 1606 3581 arroensium,
1623 3508 1756 3579 leracha,
1773 3514 1889 3584 pretioso

1099 3598 1197 3653 tutnban
1212 3615 1358 3665 marmore,
1375 3616 1407 3655 ac
1424 3602 1550 3659 unctione
1564 3617 1613 3657 sua
1633 3603 1779 3670 delibatos,
1797 3604 1891 3659 liberat

1099 3688 1132 3745 de
1156 3691 1229 3746 onttti
1255 3690 1367 3747 aduersa
1394 3692 1560 3749 ualitudine?
1582 3694 1680 3750 llirum
1708 3696 1830 3767 prolecta
1850 3707 1891 3752 est

1099 3782 1279 3839 aestimatione
1303 3784 1454 3851 homiuum,
1479 3786 1550 3844 unde
1568 3788 1613 3847 ille
1635 3789 1672 3847 sit
1691 3790 1790 3861 liquor,
1813 3805 1890 3861 quem

1100 3888 1152 3929 non
1166 3889 1214 3929 sua
1227 3877 1343 3932 essttdat
1356 3886 1383 3931 et
1398 3878 1511 3933 distillat
1532 3882 1623 3937 arltor.
1648 3880 1726 3937 Nulla
1749 3882 1785 3937 ilti
1810 3892 1891 3937 mate·

1100 3970 1256 4028 rialisoliva
1275 3986 1308 4027 ex
1328 3972 1415 4029 radice
1436 3974 1561 4044 pullulat,
1576 3991 1736 4033 uonramos
1750 3978 1891 4047 expandit,

257 4076 354 4131 segnes
368 4071 396 4115 et
419 4060 524 4133 inglorii
546 4062 720 4135 abjiciuntur.
742 4067 817 4135 Antra
842 4068 951 4137 (puppe⁴
971 4067 1049 4123 melle
1098 4078 1152 4118 ιιιιιι
1165 4063 1312 4132 germinat,
1329 4078 1381 4118 nou
1397 4063 1559 4133 fructificat,
1574 4078 1603 4123 et
1621 4077 1712 4123 tamen
1726 4075 1821 4124 contra
1832 4067 1893 4136 jara

258 4151 417 4207 uteritornm
428 4152 515 4208 sancti
528 4154 579 4209 riri
601 4156 722 4226 condita,
737 4158 818 4212 totius
833 4156 937 4221 luscini,
951 4166 978 4211 et
992 4173 1050 4211 nta-
1099 4164 1204 4211 neutrae
1221 4154 1309 4210 oleum
1328 4157 1404 4226 quasi
1430 4157 1456 4211 in
1476 4158 1559 4226 praelo
1574 4174 1733 4231 expressum
1751 4159 1892 4215 exrtbcrat.

259 4244 325 4315 giers
346 4247 414 4302 artis
435 4247 509 4307 tirus
524 4250 686 4313 exirtauirit,
708 4257 735 4303 et
761 4251 793 4304 aad
818 4251 934 4305 tubertate
956 4251 1049 4305 domus
1101 4246 1177 4303 Unde
1188 4264 1253 4320 ergo
1265 4248 1300 4305 ilti
1313 4248 1402 4303 oleuut
1414 4250 1525 4305 intnuint
1538 4252 1565 4307 iu
1576 4253 1691 4307 salutent
1703 4251 1894 4307 credentium?

258 4337 318 4405 Dei,
339 4339 371 4393 de
392 4350 506 4402 torrente
522 4344 661 4412 aolttptutir
684 4340 770 4412 (Psoi.
785 4358 866 4406 xxxv,
885 4342 923 4428 9),
937 4344 1050 4397 internae
1100 4335 1140 4390 dn
1155 4347 1196 4393 est
1216 4340 1304 4411 aliqua
1318 4339 1392 4395 illius
1407 4350 1486 4396 terrm
1499 4356 1575 4407 uena,
1591 4356 1624 4398 eo
1637 4342 1741 4412 liptrore
1760 4343 1893 4398 naturali-

259 4446 401 4499 emanans,
418 4444 447 4490 et
468 4435 569 4504 lapidea
588 4446 716 4488 erratum
738 4433 810 4504 (loir.
824 4450 881 4497 stu,
894 4436 942 4503 ta)
954 4435 979 4487 in
995 4435 1051 4504 gin-
1102 4436 1143 4481 ter
1155 4428 1229 4483 dives
1246 4440 1273 4485 et
1288 4430 1409 4499 prolluai
1429 4447 1463 4487 an
1485 4433 1572 4501 potius
1590 4432 1699 4503 prolluit
1718 4448 1751 4487 ex
1770 4432 1895 4504 praeelati

258 4522 328 4575 riam
341 4522 388 4578 lici
409 4523 483 4593 (tati)
504 4523 608 4594 lapidea
625 4524 796 4579 ethnicorum
810 4526 892 4579 corda
907 4524 1048 4579 enmliivit.
1101 4520 1230 4577 antistitis
1248 4537 1330 4579 cartre
1352 4524 1477 4579 mortua?
1499 4526 1535 4578 At
1554 4526 1681 4580 extinctae
1702 4526 1794 4580 caretis
1814 4525 1895 4581 habet

258 4611 295 4668 Et
307 4615 372 4684 quid
393 4616 503 4680 mirttm,
518 4617 540 4671 si
552 4616 642 4670 diuina
655 4615 798 4671 cletueutia
813 4631 861 4685 pet·
873 4616 1048 4681 eletucutunt,
1066 4592 1207 4678 Duarum,
1232 4622 1262 4669 ιιι
1284 4615 1372 4685 potius
1393 4614 1505 4671 letitiam
1525 4616 1612 4672 tabem
1628 4634 1660 4673 ex
1682 4633 1712 4674 se
1732 4627 1857 4689 generet,
1870 4629 1896 4674 et

258 4721 337 4772 super
353 4708 422 4777 guod
438 4706 553 4777 Spiritus
572 4706 648 4777 (Gru.
666 4724 684 4772 t,
697 4707 725 4777 9)
741 4716 850 4762 sauctus
872 4718 935 4761 ante
958 4708 1049 4763 mutuli
1100 4704 1252 4772 putredinis
1261 4716 1396 4775 putorem,
1407 4723 1487 4776 (prtum
1500 4707 1738 4765 ullumsuatitatis
1749 4708 1894 4779 liquorem.

259 4809 398 4865 ornatum,
415 4815 514 4855 nunten
527 4815 605 4857 suurn
618 4799 747 4870 erpattdit
767 4800 793 4853 iu
808 4797 891 4853 lutari
904 4798 1051 4869 ltaptisma·
1101 4793 1204 4865 liumus
1217 4805 1307 4853 autern
1322 4798 1441 4855 cit-itatis
1456 4799 1660 4869 ejusdernnulla
1675 4802 1713 4857 ita
1728 4802 1813 4858 divite
1828 4818 1896 4858 tetta

295 4974 370 5046 ((97)
390 4976 431 5030 Ad
446 4977 572 5033 circenses
589 4976 675 5033 ludas.
692 4976 818 5046 Lepiiatn
834 4976 905 5031 lianc
922 4975 1052 5035 historin,
1100 4983 1209 5044 aptatur,
1224 4988 1267 5028 me
1282 4973 1356 5029 latet.

260 5045 313 5100 lam
339 5054 477 5102 multtatus
498 5060 540 5103 est
560 5059 652 5104 noster
671 5047 800 5103 :totusue
825 5047 854 5103 S.
872 5047 1046 5120 llieronymo,
1139 5044 1213 5116 (991)
1239 5046 1340 5115 Agitant
1374 5045 1446 5101 Geou
1480 5046 1621 5101 turbidam.
1647 5045 1723 5115 erod
1759 5046 1896 5103 ieremias

259 5117 351 5187 quill.
367 5115 513 5174 llilariouis
524 5118 612 5174 Vitam
627 5118 795 5189 correct-ipsit.
1105 5117 1149 5185 (ιι,
1165 5114 1220 5185 18),
1233 5106 1325 5169 tlixita
1348 5132 1408 5170 uam
1424 5115 1561 5179 Selticltor,
1578 5127 1669 5173 noster·
1682 5118 1820 5187 interpres
1836 5134 1896 5173 ver-

295 5188 370 5260 (198)
391 5188 524 5259 Serapium
545 5188 662 5256 fictilem.
687 5190 733 5245 Sic
755 5190 863 5259 reposui
882 5205 916 5260 ex
938 5190 997 5262 ipso
1021 5188 1051 5244 S.
1106 5186 1147 5250 tit,
1175 5185 1323 5248 retrardum,-
1360 5187 1508 5242 ataltluset
1535 5188 1681 5258 Paguiuus,
1701 5186 1774 5254 Niii‚·
1794 5186 1896 5257 Septu-

260 5255 437 5331 llieronymo,
448 5259 498 5315 etsi
515 5268 660 5329 utrumque
672 5261 808 5333 exetuplar
821 5262 912 5332 inepte
925 5276 1055 5332 suggere·
1105 5256 1194 5326 aginta
1206 5271 1293 5321 senes,
1342 5264 1384 5311 ῶν.
1399 5257 1494 5312 Notium
1506 5268 1557 5321 est,
1568 5262 1673 5314 ueteres
1684 5258 1790 5321 Patres,
1805 5260 1895 5383 SaeXe,

258 5326 443 5400 oneratutm.
466 5333 469 5338 '
1104 5326 1206 5381 omisso
1220 5336 1292 5381 textu
1319 5327 1434 5392 letrau,
1451 5328 1589 5384 adiacere
1606 5330 1717 5384 Grecis
1735 5330 1844 5387 'lltinlri
1865 5344 1895 5383 us

296 5400 370 5471 (199)
389 5399 505 5470 Ltrpideu
527 5403 689 5457 etltutcorrmt
711 5402 793 5457 corda
815 5401 950 5456 emollivit.
976 5399 1052 5454 llulti
1107 5409 1199 5451 noster
1215 5398 1286 5452 idem
1298 5398 1441 5467 alirproties
1457 5397 1529 5452 lecit.
1547 5398 1602 5453 lloe
1616 5410 1705 5454 tamen
1720 5398 1791 5461 loro,
1805 5408 1835 5454 et
1847 5400 1895 5455 La·

259 5474 334 5526 enirn
348 5487 382 5526 eo
395 5483 540 5540 conspecto
555 5473 695 5536 miraculo,
710 5474 742 5527 ad
758 5472 941 5532 Christianum
955 5486 1052 5525 uotueu
1107 5468 1190 5521 titiam
1201 5468 1351 5523 tersionem
1363 5468 1466 5538 integre
1482 5470 1694 5537 repraesentavit,
1705 5482 1776 5524 etex
1787 5469 1894 5531 Graeca,

259 5553 447 5610 accesserunt,
463 5546 590 5598 ‹lamnata
607 5544 718 5597 deorum
734 5558 845 5597 suoram
859 5541 1050 5609 itulteeillitate.
1106 5537 1293 5609 explicationis
1320 5554 1411 5604 causa,
1442 5540 1543 5594 addidit
1560 5538 1642 5595 Geort.
1666 5540 1801 5594 creterram
1828 5540 1897 5594 niltil

296 5613 372 5684 (999)
392 5610 446 5668 Sui
470 5614 794 5683 nostriquoquetemporia
809 5613 882 5681 soce.
895 5612 999 5679 Saepius
1013 5612 1053 5665 in-
1105 5618 1255 5679 perganum
1271 5608 1412 5665 Hebraeum
1435 5610 1556 5664 tciricltor
1575 5624 1634 5665 esse
1656 5608 1767 5665 durium
1793 5610 1896 5672 Nilum.

260 5682 333 5737 dicat
354 5683 627 5748 uoster‘lltiolridus,
648 5689 757 5737 sanctos
776 5698 827 5738 suo
847 5682 1053 5752 teutporeriros
1105 5695 1186 5751 quem
1210 5678 1297 5734 scaci
1326 5676 1398 5733 Geoa
1425 5688 1540 5740 meent.
1567 5691 1595 5734 et
1620 5678 1679 5749 ejtts
1709 5697 1810 5751 atterant
1837 5698 1898 5737 esse

262 5752 1053 5824 uixisse,atqtteetia1uqttosdam,uuoslamiliatteruo·
1107 5748 1260 5815 eurardum,
1281 5750 1352 5821 qttod
1383 5751 1498 5805 utusintc
1524 5750 1634 5807 latitius
1665 5754 1773 5808 ccttsuit
1803 5752 1898 5823 expri-

261 5821 340 5879 rorit.
358 5824 422 5881 llide
441 5823 538 5880 l'itaut.
557 5822 597 5900 lte
611 5822 708 5893 crnibus
722 5830 811 5879 autem
833 5823 877 5881 ltie
891 5839 923 5895 pr
934 5823 998 5894 »prio
1014 5820 1050 5876 lu·
1103 5822 1239 5875 utcttlum.
