4017 6342
246 375 298 430 m
758 365 920 424 euastata
940 361 1087 418 nubatis
1108 361 1369 420 itsbdctsttdsts
1774 323 1777 330 Ι
1833 373 1882 430 lib

245 501 307 542 cunt
321 486 373 540 tite
383 484 540 539 monastrant
551 491 596 535 aut
604 491 713 550 paterna
726 479 837 540 deuotio,
846 485 1043 545 sstspostnneo
1056 474 1080 530 tt
1093 488 1142 529 sos
1156 483 1257 540 umen,
1271 477 1343 531 sicut
1363 476 1522 542 mandastis,
1538 479 1573 532 ad
1589 493 1711 550 presens
1722 481 1818 540 venire
1838 501 1886 544 non

248 572 379 645 professio
402 571 478 640 [sicit.
502 567 637 638 Quidquid
661 567 757 623 luorum
781 565 877 630 inserit,
906 563 1045 633 alligatum
1097 572 1204 631 potero,
1219 562 1306 619 multo
1320 579 1415 621 renum
1428 565 1523 622 dolare
1535 567 1675 635 detentus,
1693 579 1723 626 et
1744 571 1888 632 inestuans

252 663 364 721 tenebit.
380 659 538 716 llicbaelem
560 671 636 720 vero,
653 671 706 712 non
726 657 787 712 dica
806 653 978 710 obedientem
1001 668 1047 706 at·
1097 656 1256 710 monasterii
1284 656 1372 712 nostri
1397 657 1563 714 necessitate
1582 668 1741 730 occupatus.
1763 661 1818 720 Sed
1831 680 1888 722 enne

244 752 417 825 changeium,
440 749 486 806 sed
513 749 589 804 iilum
616 747 813 804 inobedientem
828 745 970 808 clericum,
990 743 1046 796 da·
1096 747 1223 820 eorporis
1237 746 1395 816 infirmitas,
1408 749 1608 806 etmouasterii
1632 752 1720 809 nostri
1736 756 1888 820 neoesdtas,

245 844 402 900 tioclteuum
416 840 491 912 (255)
506 839 549 894 bis
573 839 664 894 verbis
691 838 804 894 damnat
825 833 975 891 Concilium
991 851 997 886 ε
1013 832 1046 889 ss·
1098 834 1153 893 ileo
1169 837 1300 906 donante,
1322 839 1474 906 transierit,
1488 840 1608 912 benigno
1635 845 1792 914 conspectui
1805 857 1889 904 restro

242 933 365 1006 quislibet
382 932 415 986 de
434 928 504 985 clero
516 927 668 1000 episeoputn
691 927 827 998 propriant
850 923 1045 994 contempserit,
1097 940 1192 984 matus
1204 936 1303 984 tesuae
1321 929 1474 986 sanctitatis
1488 932 1709 1002 presentatum,
1720 935 1755 991 de
1767 939 1889 1007 praedicto

243 1025 282 1081 oet
292 1026 316 1080 ei
328 1022 433 1078 obedire
441 1019 567 1084 noluerit,
575 1019 618 1074 laic
632 1019 740 1073 omnino
753 1018 903 1082 damnetur,
917 1031 962 1070 see
974 1013 1047 1069 ultra
1098 1016 1197 1074 abbate
1211 1026 1334 1090 tempore
1347 1024 1514 1092 competenti
1525 1024 1662 1093 iustitiam
1678 1035 1850 1097 accepturus,
1864 1041 1890 1085 et

243 1113 390 1172 semediata
406 1117 595 1182 consequatur.
627 1106 747 1174 Quodsi
771 1103 919 1160 Ecclesium
940 1105 1046 1157 ionttts·
1097 1115 1231 1175 quantuttt
1257 1107 1376 1176 debebit,
1405 1109 1552 1182 diligenter
1578 1127 1768 1172 exsecuturus,
1787 1117 1816 1174 sj
1837 1121 1889 1176 tm,

243 1210 317 1274 bars,
332 1205 371 1262 sel
389 1203 653 1269 sollicitorenititur,
672 1217 720 1271 per
733 1207 876 1268 potestates
900 1207 1003 1252 eeteros
1017 1206 1046 1250 ut
1098 1193 1234 1260 reiutatis,
1259 1211 1321 1267 quac
1347 1199 1479 1256 mnonice
1502 1201 1614 1259 minime
1631 1205 1754 1262 reiatate
1769 1211 1888 1277 potestis,

244 1300 385 1355 seditiosus
416 1297 591 1368 opprimetur.
616 1291 715 1347 iteruin
742 1296 837 1346 contra
863 1285 1047 1358 arelsiepisoo·
1099 1284 1205 1354 appello
1219 1285 1425 1360 austremonius
1443 1288 1526 1347 tultus
1540 1294 1890 1362 auctoritate,ualliaslor·

246 1407 310 1463 pum
330 1388 421 1461 (256),
439 1387 485 1460 qui
501 1387 530 1442 ia
542 1384 662 1457 patoeda
676 1391 779 1450 teuta,
791 1382 869 1438 vobis
883 1378 1046 1444 inconsulto,
1101 1375 1175 1431 arido
1190 1377 1328 1448 bajoriam.
1573 1407 1581 1422 ·

247 1484 331 1539 muita
342 1479 399 1550 jans
409 1481 475 1552 egit,
490 1488 518 1534 et
538 1477 627 1532 adbtse
642 1489 724 1548 agere
743 1481 869 1539 conatur,
892 1485 926 1526 ex
946 1471 1046 1542 pbare·
1293 1467 1371 1540 151
1387 1467 1554 1529 betsabee
1566 1472 1699 1535 llxxvii.

246 1562 1045 1644 tralaiiipspaetiisitsagitta150dirigiturboemodo:
1100 1553 1218 1626 nonullo
1233 1555 1392 1616 Statonensi
1401 1561 1678 1635 epia-opo,Gsffsidus
1695 1566 1888 1626 Vindoeisemis

245 1665 277 1720 Si
295 1665 354 1736 quis
372 1661 591 1732 ntetropolitunus
605 1659 751 1730 episeopus,
765 1656 817 1710 sisi
830 1655 899 1726 quod
916 1654 952 1708 od
970 1668 1048 1707 seam
1184 1650 1338 1705 monasterii
1348 1667 1451 1719 semus,
1466 1669 1519 1710 son
1531 1658 1604 1712 omni
1615 1667 1691 1714 uento
1705 1659 1813 1732 opilari.

245 1753 410 1811 solatrumotlo
424 1752 559 1822 propriata
577 1749 689 1823 pertinet
699 1735 852 1820 paroeciotss',
865 1745 922 1800 sine
936 1740 1047 1798 conuitio
1133 1736 1219 1795 Fama
1236 1740 1374 1797 referente
1391 1741 1514 1812 sinistra,
1527 1743 1562 1800 ad
1586 1761 1637 1803 nos
1651 1763 1737 1819 usque
1762 1751 1887 1820 perussit,

245 1857 271 1900 et
284 1845 417 1900 uoluntate
430 1843 548 1898 omniunt
569 1835 829 1906 comprovincialium
851 1834 1044 1905 episcoporum,
1062 1805 1169 1899 Bquod
1179 1829 1215 1887 de
1228 1829 1315 1887 insula
1328 1831 1414 1890 staret
1429 1833 1558 1906 (iiipde
1567 1851 1622 1908 qua
1633 1837 1757 1896 elimans
1769 1842 1888 1898 ensesue,

245 1937 347 2009 aliquid
369 1951 446 2006 apere
461 1935 489 1989 is
507 1933 642 2006 prouincia
665 1929 814 1996 tentaterit,
828 1927 928 1997 produt
939 1925 983 1980 aui
996 1941 1045 1995 pe·
1096 1931 1125 1980 et
1141 1921 1293 1980 Romanam
1319 1925 1488 1984 audientiam
1511 1929 1679 2000 appellantes
1697 1932 1888 1999 exinvestistis,

248 2027 335 2082 siculo
352 2023 510 2096 subjacebit,
526 2033 550 2078 et
563 2022 633 2094 quod
649 2021 740 2092 sperit,
761 2020 867 2074 irritum
880 2016 1008 2072 debeatur
1020 2025 1046 2070 et
1096 2025 1229 2087 etpostea
1244 2027 1335 2075 vestro
1347 2027 1376 2075 et
1386 2019 1548 2078 elericorum
1560 2034 1714 2080 vestrorum
1735 2024 1837 2094 iudicio
1851 2043 1889 2082 re-
1995 2050 1996 2061 ι

248 2135 372 2176 suessona.
1097 2111 1228 2175 vestistis,
1240 2124 1315 2166 nuuc
1339 2111 1439 2167 iterato
1453 2126 1504 2169 nos
1525 2112 1705 2172 deinvestitos
1715 2117 1833 2174 habetis.
1862 2119 1889 2174 Si

493 2210 662 2268 uutswtn
679 2205 801 2265 xxxit.
1096 2215 1191 2258 resuta
1209 2207 1263 2267 est,
1281 2200 1458 2258 vehementer
1473 2201 1616 2268 miramur,
1641 2203 1713 2261 unde
1734 2213 1835 2262 tantam
1844 2221 1890 2278 po-

247 2301 365 2373 ilaaallo
381 2301 540 2358 Statonensi
553 2303 685 2372 episcopo,
701 2309 725 2354 et
738 2295 820 2352 Petro
839 2295 1045 2362 ercltitiiucotro,
1098 2302 1226 2351 testatem
1253 2294 1416 2365 accepistis,
1436 2295 1508 2364 quoti
1539 2309 1583 2352 tes
1611 2295 1739 2354 Ecclesiae
1767 2298 1890 2356 nouum

282 2392 396 2449 dontinis
411 2394 468 2446 suis
486 2389 648 2446 cbarissimis
658 2399 683 2442 et
705 2387 924 2458 praecordialibus
940 2386 1045 2454 amisis,
1098 2386 1251 2456 deputatas,
1264 2386 1406 2458 dequibus
1419 2387 1511 2444 aulius
1523 2389 1694 2458 pontilicam,
1713 2391 1766 2448 taisi
1782 2394 1891 2448 anathe-
1995 2361 1996 2405 ³

284 2481 424 2552 Gopridus
445 2481 538 2546 abbas,
561 2479 621 2534 licet
646 2477 782 2548 indipnats,
799 2477 913 2531 sulutem
932 2485 956 2529 et
977 2474 1043 2531 dile·
1098 2489 1171 2535 mate
1191 2487 1328 2551 suscepto,
1354 2480 1504 2550 quidquam
1526 2480 1689 2539 subtrahere
1710 2483 1753 2538 rel
1781 2483 1892 2540 didissise

284 2579 407 2630 ctionem.
1098 2571 1259 2628 eotseeditur
1275 2571 1313 2626 ita
1338 2570 1434 2626 leuiter
1445 2572 1526 2628 nobis
1548 2571 1667 2640 auterre,
1684 2583 1712 2630 et
1729 2576 1828 2646 quibus
1848 2591 1892 2630 su-

284 2664 363 2733 Quod
378 2663 462 2719 abbas
481 2662 567 2718 sancti
585 2661 698 2718 ioannis
714 2658 788 2732 (238)
809 2673 871 2716 outn
891 2659 974 2714 sociis
988 2658 1048 2714 suis
1098 2660 1348 2727 lueritis,eonierre
1359 2662 1663 2734 possitisdititudiaem
1673 2665 1763 2735 itaque
1777 2674 1892 2722 nestram

248 2755 393 2812 abbatibus
405 2753 579 2819 testitieatnr,
593 2752 723 2826 placitum
736 2750 809 2822 tiit)
824 2750 962 2816 videlieet,
975 2750 1048 2820 quoti
1098 2755 1233 2810 uroneado
1248 2769 1386 2826 rogamus,
1401 2761 1431 2809 et
1449 2755 1568 2826 rogando
1590 2769 1743 2822 monemus,
1753 2767 1795 2824 ut,
1816 2757 1892 2827 justa

248 2851 275 2904 in
289 2847 433 2920 praesentia
447 2856 538 2902 restra
553 2845 652 2900 laetati
665 2859 784 2911 esatrtus,
797 2858 856 2900 anea
871 2844 1048 2900 cotteessionc
1098 2853 1263 2914 praeceptam
1274 2844 1434 2910 casalinalis,
1452 2858 1503 2900 uos
1514 2845 1602 2902 adbuc
1618 2847 1722 2902 anticos
1734 2858 1843 2906 vestros
1854 2850 1893 2905 in·
1995 2876 1996 2926 i

248 2955 282 2996 ac
296 2939 420 3008 coasilio,
438 2940 524 2996 donce
545 2937 674 3010 llispaaia
686 2937 798 3006 rediret,
823 2935 909 2994 luisse
921 2935 1045 3002 dilatum,
1099 2934 1231 2998 vestiatis,
1245 2934 1365 3006 alioquin
1378 2945 1474 2991 eontra
1488 2951 1546 3002 ros,
1568 2938 1639 2992 sicut
1655 2945 1750 2992 contra
1763 2953 1892 3008 perseeu-

247 3031 346 3086 scitote
366 3029 474 3100 penitus
496 3028 643 3086 anteritate
668 3042 728 3086 esse
752 3027 879 3084 alienum.
901 3025 1047 3091 Cateruttr,
1100 3038 1186 3086 torem
1196 3037 1364 3095 ttomruuact
1373 3027 1574 3100 privilegiorum
1586 3027 1770 3086 aomanorum
1783 3029 1892 3090 uiolato·

249 3123 322 3192 «qaod
348 3134 441 3179 aestro
465 3120 569 3192 iudicio
592 3135 622 3176 so
648 3119 728 3176 nobis
753 3119 889 3176 luctarum
911 3117 1082 3202 justitiamc
1099 3133 1156 3176 rent
1168 3118 1397 3191 proclamabimus
1413 3117 1479 3174 iliud
1492 3118 1587 3185 etiam,
1601 3119 1673 3188 quod
1691 3118 1719 3174 in
1741 3118 1893 3177 llainterieo

249 3213 406 3284 pollicetur,
429 3214 533 3270 amicus
553 3223 644 3270 uester
658 3211 852 3284 qualiscunque
881 3214 1041 3270 totocorde
1093 3215 1126 3271 de
1140 3210 1355 3282 Rancouetitii)
1368 3227 1385 3265 a
1399 3210 1477 3266 tobis
1499 3219 1590 3265 aetum
1610 3219 1664 3276 est,
1687 3225 1740 3268 noa
1763 3221 1893 3270 tacentes.

249 3308 432 3380 assnpleetitus,
449 3309 471 3364 si
486 3309 545 3379 eius
557 3306 704 3380 promissio
728 3305 983 3364 actioaedttnetur.
998 3306 1041 3362 ttd
1093 3299 1632 3374 ilaimericussiquidemproptesmuita
1647 3303 1799 3375 malaque
1816 3308 1893 3363 uobis
1994 3332 1995 3335 ¹

288 3483 363 3554 (255)
381 3481 581 3538 Antiorlsenum.
600 3481 739 3540 Caucasi
754 3500 761 3536 s
778 3479 881 3552 Siquis
900 3483 1042 3554 presbyter,
1094 3483 1226 3536 mediante
1252 3478 1462 3551 Quadrupesinta
1485 3479 1567 3535 iniere
1586 3479 1738 3536 Suessonis.
1762 3479 1893 3537 Placitum

251 3563 297 3609 unt
318 3553 453 3616 diaconas,
470 3553 944 3623 episcopatttpropriuntcontemnens
962 3569 988 3607 se
1011 3557 1043 3608 ab
1095 3551 1270 3616 venditionis
1298 3550 1410 3619 capitul.
1427 3550 1472 3604 lib.
1494 3549 1596 3615 ttt,'lb·
1622 3550 1773 3606 Concilium
1802 3551 1894 3606 inlitu·

254 3623 373 3678 Ecclesia
388 3623 566 3692 sequestrarit,
583 3633 605 3677 et
616 3638 733 3678 seorsum
744 3621 875 3692 colligent,
888 3621 971 3676 uitare
982 3638 1045 3677 con·
1097 3621 1195 3686 riettse,
1210 3635 1271 3691 cap.
1289 3619 1306 3674 9
1321 3637 1327 3673 :
1344 3617 1410 3673 usu
1432 3620 1568 3689 episcopas
1582 3621 1761 3690 episcopatum
1780 3623 1894 3675 circass-

252 3694 349 3757 stituit,
364 3702 387 3746 et
403 3693 576 3748 coinmoneati
597 3693 716 3776 episcopo
734 3707 786 3746 nota
808 3693 976 3762 acquieverit,
997 3709 1045 3747 trec
1095 3691 1319 3760 astopiaettuss
1330 3689 1456 3742 canonice
1475 3692 1629 3755 decreuerit,
1646 3693 1822 3762 populansque
1846 3692 1893 3745 illo

252 3763 399 3818 consentire
411 3761 448 3816 orl
472 3760 575 3816 obedire
590 3763 709 3828 soluerat,
723 3760 802 3817 semel
820 3773 844 3816 et
866 3761 959 3816 iterum
982 3778 1046 3817 con·
1096 3761 1255 3819 isrsuaoesit.
1267 3759 1491 3815 eteoutesetttletrt
1505 3759 1548 3814 die
1566 3760 1694 3830 placitent
1712 3775 1772 3814 estu
1794 3765 1891 3830 populo

252 3829 579 3896 tarantasiensem
604 3833 719 3896 omuino,
741 3847 787 3886 aee
811 3829 881 3886 ultro
902 3832 1046 3887 remedium
1096 3846 1175 3885 auant
1188 3829 1344 3898 condixerit,
1359 3839 1383 3884 et
1402 3845 1450 3899 pes
1469 3831 1585 3885 lunanum
1597 3831 1663 3884 illue
1684 3831 1773 3885 tenire
1795 3848 1892 3899 proece-

251 3913 439 3972 consequatur,
451 3901 512 3970 quin
527 3917 603 3956 suunt
628 3903 740 3971 recipere
752 3917 804 3956 aon
823 3911 905 3970 potest
928 3902 1046 3972 diqaita-
1099 3902 1178 3970 perit,
1193 3900 1320 3971 placitam
1347 3899 1450 3954 sentitis
1461 3916 1549 3954 omnes
1571 3910 1738 3970 postponunt,
1765 3909 1791 3955 et
1808 3917 1892 3955 costes

251 3987 315 4027 testt.
335 3970 412 4037 Quod
425 3973 448 4026 ti
463 3971 608 4026 Ecclesiam
622 3970 778 4026 conturbare
791 3981 815 4025 et
830 3971 972 4026 sollicitate
985 3987 1048 4041 per·
1097 3973 1162 4040 ipre.
1175 3972 1296 4040 idemque
1307 3969 1419 4040 populat
1429 3979 1486 4039 post
1500 3971 1648 4040 episcopum
1665 3969 1760 4040 lemine
1772 3985 1891 4042 perpetu,

251 4043 340 4106 sistat,
355 4052 481 4110 tranquaut
497 4041 645 4107 seditiosus,
662 4057 709 4112 per
728 4049 868 4111 potestates
886 4055 988 4096 eeteros
1001 4059 1048 4113 op-
1099 4041 1210 4096 seientes
1229 4057 1256 4094 se
1270 4055 1324 4096 nott
1335 4038 1391 4094 illic
1413 4041 1540 4094 seditiosu
1564 4042 1728 4097 comestione
1744 4039 1890 4102 decertare,

250 4112 446 4184 pisistratumliic
459 4112 563 4182 integer
576 4121 617 4167 est
627 4126 715 4166 caston
729 4111 859 4165 adversus
874 4112 1048 4182 presbyteros
1098 4111 1144 4165 sed
1158 4127 1207 4180 pro
1221 4109 1275 4179 tide
1288 4111 1420 4165 catholiea
1437 4108 1577 4180 inuigilare
1592 4129 1602 4175 ,·
1615 4127 1668 4166 uon
1691 4109 1827 4166 cantelam
1848 4128 1893 4182 pe·

250 4191 284 4237 tte
299 4183 437 4246 diaconos,
450 4181 495 4252 qui
518 4182 553 4236 ab
574 4181 710 4252 episcopis
734 4181 791 4236 suis
813 4183 994 4236 secessionem
1008 4181 1049 4237 la·
1099 4182 1250 4246 rumorum,
1265 4182 1311 4235 sed
1328 4180 1432 4234 luerusn
1447 4196 1604 4250 congregare
1623 4181 1785 4234 omniorum.

252 4253 337 4318 cinnat,
353 4263 380 4307 et
395 4251 493 4307 altaria
505 4251 556 4308 sibi
568 4265 691 4308 seorsum
707 4251 825 4323 erigunt.
838 4249 983 4314 eous-tuns,
1002 4261 1049 4307 aut
1136 4249 1211 4334 (aaa)
1228 4250 1267 4305 lie
1284 4249 1374 4305 insula
1387 4249 1485 4306 Flaiei.
1501 4249 1590 4306 tassaria
1607 4260 1718 4308 estnon
1742 4251 1827 4306 attaris
1847 4260 1894 4306 aut

251 4324 425 4392 siquisante
441 4322 525 4386 illam,
541 4321 578 4376 ita
600 4321 736 4376 contraxit
752 4328 782 4374 ut
803 4321 916 4376 ciericos
937 4334 1045 4386 cinnes,
1100 4320 1231 4388 dumims,
1245 4323 1294 4378 sed
1309 4321 1406 4377 mediis
1425 4321 1491 4378 olint
1517 4320 1811 4391 espaiudibuseruta.
1841 4323 1893 4387 Qui

251 4394 297 4462 qai
312 4392 446 4464 episcopis
457 4391 515 4447 suis
533 4404 641 4462 quaqua
657 4391 685 4446 in
701 4403 731 4446 re
754 4404 808 4446 non
828 4390 968 4460 obediunt,
984 4407 1050 4448 eoas·
1100 4406 1175 4448 nune
1191 4391 1274 4447 etiam
1288 4391 1348 4462 ejus
1359 4393 1429 4448 situs
1439 4392 1560 4448 cernitar
1570 4407 1623 4446 aton
1636 4391 1730 4460 procul
1742 4389 1892 4463 Susgesiis,

252 4463 533 4542 strittgesevideatur.
1064 4477 1215 4538 „quarum
1245 4461 1373 4518 Ecclesiae
1401 4462 1553 4517 utentbruta
1567 4471 1617 4517 est.
1634 4463 1662 4516 Ιιι
1685 4462 1826 4532 pitritegao
1841 4461 1894 4518 Ur-

287 4533 362 4602 (sat)
380 4531 480 4586 ceastre
491 4527 952 4600 orrlsiepiscopasn.Burdigalensem
963 4532 1048 4604 Aqui·
1099 4531 1162 4589 bani
1177 4531 1209 4596 ll,
1223 4531 1317 4588 Rornae
1342 4546 1414 4588 anno
1439 4531 1508 4588 tots
1523 4547 1530 4585 :
1545 4529 1665 4587 Ecclesia
1680 4532 1713 4585 tt.
1741 4529 1837 4587 dariae
1862 4533 1895 4586 de

252 4605 333 4658 tantiae
356 4618 387 4668 n,
409 4600 658 4671 metropolitanum.
680 4599 703 4654 is
723 4607 783 4654 erat
799 4600 850 4656 boc
865 4609 997 4672 tempore,
1018 4613 1048 4659 ut
1098 4602 1395 4672 surgeriisesstinrttlo
1409 4601 1508 4667 dirici,
1522 4618 1603 4672 quarn
1620 4617 1679 4657 ase
1698 4617 1808 4671 prorsus
1832 4619 1895 4658 esst·

251 4675 358 4742 npiaor,
373 4670 509 4726 drsaaldns
523 4671 611 4724 densati
631 4681 782 4726 successor.
1098 4684 1152 4726 tunt
1171 4671 1250 4742 liupo
1262 4673 1337 4728 utiles
1348 4689 1513 4742 mentuunt
1525 4672 1636 4743 ilenelpi
1654 4673 1830 4729 santonensis
1839 4674 1894 4743 epi·

290 4743 363 4812 ti5'l)
382 4741 450 4795 iulii
468 4755 554 4812 puple.
570 4739 656 4810 Epist.
668 4753 677 4793 t
690 4739 724 4794 ad
735 4737 886 4796 ostentatas
899 4755 948 4811 pto
961 4741 1047 4798 Atina·
1098 4742 1169 4813 scopi
1190 4741 1373 4799 vindocinensi
1393 4744 1508 4799 caenobio
1522 4743 1671 4814 dereliquit.

252 4827 379 4876 tarasiae.
395 4811 440 4866 25.
1134 4811 1209 4884 (iat)
1226 4811 1376 4869 iloirnerioo
1398 4814 1431 4870 de
1453 4811 1586 4869 macone.
1602 4815 1684 4869 Clara
1707 4811 1894 4882 superioribus
1991 4836 1992 4843 ¹

289 4881 363 4954 (258)
383 4882 480 4936 attus.
497 4877 527 4938 S.
542 4878 673 4952 iioannit.
694 4878 746 4948 Qui
766 4880 976 4952 angeriacensis
998 4881 1046 4939 iib.
1097 4881 1332 4951 sucuttstsmttis,
1347 4897 1447 4955 etqua
1465 4884 1529 4940 buic
1545 4885 1714 4956 cognominis
1738 4885 1809 4938 alter
1830 4883 1894 4939 ttsta

253 4967 293 5017 ta,
309 4952 388 5020 epist.
411 4951 437 5007 5.
454 4950 545 5005 abbas
565 4947 773 5019 cessamus,
793 4949 840 5007 lib.
856 4967 882 5020 v,
898 4952 977 5023 epist.
992 4955 1046 5021 tus
1098 4955 1218 5010 ttsedcus
1228 4957 1263 5010 de
1283 4954 1412 5011 llaneottc
1432 4954 1600 5012 lstndatioais
1613 4953 1821 5010 vindocinensis
1835 4970 1894 5012 cte·

253 5037 314 5092 qnae
329 5021 362 5073 ssd
378 5021 430 5075 bae
443 5021 561 5088 pertinet
578 5031 778 5092 argumentum.
1099 5025 1172 5079 nobil
1185 5024 1370 5082 litteris-inter
1389 5039 1518 5095 proceres
1536 5025 1700 5097 suitseripsit
1719 5037 1792 5079 ιιιιιο
1812 5023 1893 5082 toto.
1952 5047 1957 5056 ·

287 5089 362 5162 (259)
385 5089 530 5144 Placitum.
546 5090 606 5145 Lib.
619 5106 661 5153 ut,
670 5091 778 5162 capitul.
792 5091 847 5148 83:
863 5090 1048 5166 Unusquisque
1099 5093 1164 5149 ltctu
1179 5093 1334 5152 Gauliridus
1359 5096 1394 5152 de
1418 5095 1546 5152 Rancooe
1572 5097 1724 5152 Pietarcnsi
1748 5093 1853 5166 rttgioni
1877 5112 1895 5151 a

254 5162 377 5217 comitum
393 5158 517 5232 plstcituua
542 5177 618 5215 suunt
641 5163 746 5228 iubeat,
770 5171 794 5217 et
807 5163 929 5234 iustitias
953 5163 1047 5234 [odat.
1099 5163 1235 5221 Ladotico
1263 5165 1315 5233 i'll,
1340 5179 1414 5237 rege,
1439 5165 1592 5237 Aquitaniae
1618 5170 1687 5223 duce
1713 5169 1894 5237 praepositus,
1990 5165 1991 5188 ¹

254 5233 386 5287 l'iacitam
404 5231 681 5300 dicebantjttdiciuat,
704 5242 752 5288 aut
766 5243 929 5290 coniventem
952 5235 1047 5305 judicii
1098 5235 1177 5304 cujas
1198 5244 1308 5291 exstant
1322 5238 1356 5292 ad
1380 5237 1524 5308 Sergestum
1548 5237 1675 5294 abbatem
1699 5240 1798 5296 litteras
1822 5241 1896 5296 inter
1990 5232 1991 5301 a

254 5317 348 5358 causa.
366 5299 440 5357 littde
453 5310 481 5356 et
496 5302 627 5372 placitare
643 5302 740 5368 lib,tn,
751 5305 831 5375 epist.
844 5305 891 5359 bl.
905 5303 961 5360 Nec
971 5306 1047 5374 ludi·
1098 5306 1229 5375 epistolas
1243 5307 1361 5378 Sugerii.
1388 5307 1532 5362 lisimeriei
1549 5317 1682 5378 praeterea
1705 5310 1896 5368 iianeoneusis

252 5375 288 5428 eii
305 5371 385 5426 modo
404 5388 411 5436 ;
430 5371 477 5427 scd
499 5372 642 5442 utriuslibet
665 5375 766 5445 negotii
787 5388 869 5432 causa
896 5385 1048 5432 contentus
1099 5376 1280 5432 itisuotnibus
1302 5379 1472 5447 antiquioris,
1498 5380 1659 5450 cruentique
1684 5381 1746 5449 eius
1766 5383 1896 5439 interitus

253 5450 387 5513 agerent,
407 5449 435 5497 et
459 5445 651 5500 coarctationes
682 5444 768 5514 ipsas,
795 5447 1048 5516 transactionesque
1099 5447 1312 5503 srtetninitretus
1329 5447 1492 5504 Citrotticuut
1503 5448 1632 5505 ddenrsri
1654 5451 1894 5522 Engalismensiss
1989 5492 1990 5503 ι

253 5527 345 5567 rerum
357 5527 470 5580 querum
495 5527 575 5568 eausa
589 5516 892 5587 conticuerant,plaeita
905 5517 1046 5582 vocabunt,
1101 5514 1283 5584 ilainterictts,
1308 5517 1409 5587 inquit,
1431 5519 1551 5588 princeps
1571 5518 1774 5588 Raneonensis,·
1800 5534 1895 5577 contra

254 5593 283 5636 ut
295 5582 424 5651 placitant
439 5583 582 5639 'l'icltteasc
596 5584 685 5641 Catali
697 5585 772 5640 Calvi
784 5601 855 5640 atauo
866 5585 929 5641 stt.
942 5586 1048 5640 Princi-
1100 5584 1268 5641 Gnillelatttnt
1283 5587 1443 5658 Eupolisrnae
1455 5599 1576 5645 cosnttesn
1589 5593 1757 5665 insuspenstt
1772 5591 1896 5665 Goffrids

253 5662 329 5723 piarat,
341 5655 409 5722 apud
422 5654 539 5721 itottcnt,
552 5655 630 5724 epist.
641 5655 686 5710 28.
702 5653 1045 5718 Flodoardusiacltrottico¹
1100 5656 1202 5710 conside
1216 5657 1273 5725 tilio
1286 5658 1358 5728 [erro
1368 5659 1505 5727 confossus
1523 5664 1664 5717 occiditur.

252 5737 325 5780 tutuo
336 5723 397 5780 855.
418 5723 548 5778 Placitum
563 5725 710 5780 concordiae
726 5743 756 5780 at
767 5729 840 5797 pocla
862 5736 944 5782 renel
970 5723 1047 5796 liupo
