4017 6342
254 332 310 389 M
773 320 932 380 edittttbt
953 318 1101 383 ABBATlS
1118 318 1383 385 unbectrttttsts
1852 322 1910 383 20⁸

256 459 326 513 erretis
347 440 427 499 terris
451 441 551 495 nostris
574 436 709 509 prepositi
734 436 817 491 rostri
833 435 910 505 (adt)
925 434 1059 491 uiolenter
1072 433 1097 493 d
1109 434 1251 493 nobiseum
1261 436 1370 493 loeutus
1390 434 1512 506 iuisecm,
1527 435 1549 493 si
1562 438 1677 509 gratiam
1689 442 1717 493 et
1730 435 1911 495 dilectionem

255 536 463 605 impresserunt,
485 548 552 603 qtras
571 540 660 585 tameo
676 537 762 583 terras
776 526 893 597 religiosi
916 524 1055 596 principes
1107 524 1179 595 apud
1192 527 1400 597 respetuissem
1418 527 1542 582 inrcuire
1565 544 1648 597 quam
1662 526 1734 599 apud
1753 528 1911 599 predeces-

254 628 469 696 predecessores
495 621 593 683 uestri,
621 617 703 689 258
729 628 756 672 et
783 616 942 673 rnenasterii
967 613 1054 671 nostri
1106 630 1185 673 seres
1206 627 1313 674 restres
1334 620 1420 674 uestri
1449 620 1584 675 veraciter
1609 621 1740 678 dicuutur
1758 621 1909 678 inuenisse.

254 718 424 781 fundatores,
449 715 551 781 alisque
573 710 770 766 cousuetudine
796 708 837 763 rel
861 708 982 778 qualibet
1006 722 1054 763 ex·
1105 706 1159 763 Scd
1176 707 1302 765 fortassis
1317 708 1453 780 becapud
1476 712 1559 767 [lettre
1575 713 1714 782 peccando
1739 713 1841 768 mereri
1857 728 1909 783 po·

254 807 373 871 actione,
394 803 574 864 donaverunt,
592 801 646 853 liert
662 808 688 855 et
700 798 758 856 lece
771 808 864 854 nostru
880 798 1053 868 relinquatis,
1107 802 1145 855 tui
1161 817 1169 867 ;
1184 803 1242 870 sed,
1269 801 1343 861 licus
1363 805 1427 867 scit,
1447 819 1586 875 uunquam
1613 807 1685 875 apud
1704 820 1752 860 res
1776 805 1830 861 nisi
1847 820 1909 860 ser·

252 909 290 966 et,
305 913 338 953 ne
356 896 481 963 deinceps
494 902 663 962 repetantur,
682 908 724 947 me
739 892 807 947 bene
822 904 947 947 securum
968 890 1053 946 iacia-
1105 893 1204 950 rieude
1238 903 1267 950 et
1296 896 1431 967 diligende
1464 895 1613 967 promerui.
1650 897 1790 952 Desiderio
1814 906 1908 952 tannen

251 992 297 1047 tis.
315 988 343 1045 Si
359 987 438 1043 robis
451 987 503 1042 bec
516 987 615 1056 placet,
629 987 699 1055 osted
716 986 828 1039 etunine
840 984 949 1054 placere
961 983 1052 1049 debet,
1105 984 1245 1039 vobiscum
1260 983 1334 1056 loqui
1362 986 1500 1053 desidere,
1523 987 1595 1057 apud
1626 1000 1675 1042 res
1703 986 1906 1057 quaerimoniam

251 1086 279 1139 in
294 1082 426 1154 praedicto
447 1080 556 1151 negotio
580 1094 632 1134 ιιοιι
656 1093 751 1133 recuso
765 1077 889 1142 obedire,
915 1076 978 1131 licet
993 1074 1053 1130 lieri
1104 1075 1226 1133 laetttrus
1241 1077 1274 1132 dc
1294 1078 1448 1148 praepositis
1469 1079 1580 1143 restris,
1609 1076 1753 1135 Guillelme
1776 1076 1908 1133 videlieet

250 1188 304 1229 tren
326 1173 413 1243 pessit
428 1172 487 1227 siue
509 1185 599 1225 rerum
616 1177 772 1223 nostrarum
794 1168 900 1241 magnis
914 1166 1052 1238 expensis,
1104 1167 1298 1226 etllaimcrieo
1319 1168 1406 1226 iratre
1429 1170 1501 1242 ejus,
1528 1171 1574 1243 egui
1615 1186 1670 1239 res,
1695 1186 1763 1241 ortas
1785 1170 1904 1240 pretium

249 1277 289 1328 et,
303 1266 375 1337 otrotl
389 1272 431 1321 est
446 1264 572 1333 amplius,
592 1263 695 1331 absque
707 1261 830 1333 corperis
852 1264 938 1317 nostrl
960 1260 1053 1315 lairere
1104 1260 1302 1332 redemptionis
1318 1263 1473 1318 animarum
1489 1278 1602 1319 suarum
1625 1263 1796 1319 uenerabiles
1820 1273 1905 1320 sitte-

252 1359 371 1413 utorium
384 1366 412 1412 ot
425 1357 573 1411 attaietntc.
588 1353 692 1419 Valere,
715 1362 744 1409 et
757 1352 890 1425 quidquid
905 1366 987 1423 super
1002 1352 1054 1407 ltec
1103 1364 1227 1407 cessores
1239 1352 1332 1421 vestri,
1348 1353 1400 1409 leci
1420 1355 1505 1409 nostri
1535 1353 1707 1420 iutrtlateres,
1724 1356 1813 1411 eidem
1842 1357 1905 1413 leco

250 1452 329 1507 robis
340 1450 471 1524 placuerit
491 1464 539 1518 per
563 1448 667 1503 litteras
681 1456 788 1503 vestras
804 1445 919 1503 multum
936 1445 1054 1501 familia·
1103 1443 1372 1517 contulerunt,pcne
1389 1449 1499 1518 penitus
1523 1448 1727 1505 destruxemut.
1757 1449 1814 1506 lits
1829 1450 1905 1522 ipsas

251 1545 320 1599 rimo
332 1543 397 1599 ..riht
412 1540 564 1597 notificare.
1103 1534 1247 1603 opulentas
1260 1545 1289 1591 et
1301 1537 1399 1593 diuites
1417 1539 1451 1593 de
1466 1538 1540 1609 larga
1561 1553 1642 1594 manu
1669 1540 1907 1611 praedecessorum

524 1631 691 1689 teutsldtt
711 1630 783 1686 lllll.
1103 1634 1267 1693 uestrorum,
1282 1628 1331 1699 (gui
1345 1643 1406 1695 res,
1420 1638 1450 1685 ιιι
1470 1630 1618 1695 credimus,
1631 1631 1665 1686 ad
1677 1632 1812 1687 aetltereas
1825 1648 1905 1686 utau-

251 1728 404 1785 Clorirsium
422 1726 613 1797 dortitonorum
628 1723 690 1777 draci
715 1732 740 1777 et
758 1721 959 1792 incomparabili
976 1719 1053 1775 ortiliti
1103 1718 1196 1774 sieues
1210 1720 1456 1789 praedecesserunt,
1473 1730 1594 1779 rectores
1615 1725 1776 1780 monasterii
1801 1725 1903 1789 nostri,

287 1820 427 1877 Guilleime
443 1817 597 1873 charissime
610 1816 716 1871 domino
731 1824 754 1869 et
769 1814 937 1885 precordiali
953 1815 1050 1878 arnico,
1068 1790 1150 1877 Boot
1168 1805 1279 1863 iueruut
1298 1817 1362 1866 ante
1387 1826 1442 1878 me,
1459 1822 1648 1885 susceperunt,
1664 1824 1693 1870 et
1706 1823 1762 1871 teta
1786 1816 1840 1870 vita
1851 1831 1904 1870 sua

286 1914 421 1985 Gesfridue
442 1911 642 1967 Vindect'ueoair
661 1908 814 1963 monosterii
830 1905 939 1961 ltuorilir
950 1921 1050 1971 sertus,
1103 1897 1163 1953 Sine
1175 1897 1267 1955 lebete
1290 1901 1627 1973 scemurensem
1650 1906 1697 1975 qui
1713 1905 1829 1960 multum
1851 1922 1905 1976 pro

281 2007 393 2077 diligere
406 2005 476 2077 osted
491 2004 559 2058 lietu
571 2000 668 2071 diligit,
683 2008 707 2053 et
721 1997 781 2053 edio
795 1996 889 2051 leniore
900 1996 970 2065 pared
984 1995 1050 2049 odit.
1101 1990 1185 2047 rebus
1210 1990 1271 2047 istis
1281 2000 1309 2047 ct
1322 1992 1443 2049 laborari
1460 2004 1489 2050 et
1499 1996 1629 2065 expendi,
1650 2011 1697 2052 eas
1720 1997 1812 2053 iuueni
1835 2014 1905 2067 pau-

285 2101 342 2153 llus
370 2098 431 2151 ritae
460 2094 624 2161 laudabilis,
652 2101 681 2147 ut
705 2090 738 2145 ad
765 2104 813 2145 ros
836 2088 956 2143 vestirem
983 2087 1051 2143 milti
1101 2094 1234 2153 peres,et
1253 2086 1447 2156 predictomm
1470 2089 1543 2145 mala
1579 2091 1666 2159 gratia
1690 2091 1903 2161 praepositorum

243 2190 413 2256 ntartdastis;
441 2188 488 2245 sed
511 2188 581 2242 diem
606 2194 634 2240 et
659 2185 758 2250 lecum,
782 2198 835 2253 que
855 2198 903 2237 res
927 2181 1051 2237 invenire
1101 2176 1135 2233 de
1144 2177 1187 2233 die
1204 2177 1231 2233 in
1245 2178 1317 2233 diem
1341 2178 1451 2236 invenio
1466 2182 1653 2253 pauperiores.
1676 2180 1764 2249 Urule,
1796 2183 1904 2251 optime

242 2285 409 2356 potuissem,
425 2296 478 2337 neo
495 2278 682 2351 signilleastis.
695 2276 866 2347 erupeopter
879 2276 940 2331 mist
956 2274 1049 2329 statim
1099 2266 1238 2335 princeps,
1252 2266 1274 2322 si
1287 2267 1352 2323 milti
1363 2284 1416 2324 non
1429 2270 1562 2339 ereditur,
1579 2270 1674 2327 saltem
1689 2287 1780 2327 rerum
1794 2273 1903 2326 disrra·

244 2377 282 2431 ad
300 2384 392 2446 partes
407 2380 515 2427 rostras
529 2370 674 2441 qtterudam
697 2366 860 2423 menacltum
883 2366 928 2437 qui
951 2382 993 2421 rue
1014 2366 1050 2423 ed
1099 2354 1223 2410 ⁰²5⁰¹¹50²
1238 2354 1359 2413 ¹⁰⁰⁰¹¹¹¹¹¹
1381 2361 1546 2429 ballistast·
1560 2375 1622 2431 illlae
1636 2376 1687 2416 ¹¹0⁰
1714 2362 1825 2417 ”millii
1848 2378 1904 2417 ¹¹0⁰

247 2478 307 2529 vos,
325 2478 379 2532 otro
396 2462 460 2531 ipse
481 2458 594 2530 jubetis,
619 2458 723 2514 diceret
742 2464 898 2511 venturum.
923 2455 975 2523 Qui
1000 2470 1050 2526 per
1098 2445 1229 2503 occultari
1243 2456 1344 2519 petest,
1360 2452 1588 2517 credamnialc,
1601 2452 1656 2507 dux
1670 2453 1785 2508 multum
1799 2453 1905 2527 dignos

248 2556 390 2612 duedecim
407 2554 465 2610 dics
479 2553 514 2609 ibi
527 2568 576 2608 res
589 2558 763 2620 exspectans,
777 2562 839 2603 eum
856 2547 980 2605 invenire
994 2564 1048 2605 uen
1099 2534 1178 2593 ¹³¹¹*st
1195 2534 1327 2607 bumana,
1341 2548 1368 2596 θῑ
1393 2541 1496 2597 ”lissam
1513 2542 1630 2613 statilius
1641 2541 1764 2599 ditius-l

242 2657 350 2718 posset,
367 2646 476 2701 indeed
499 2660 542 2701 mc
558 2656 696 2708 reuersus,
715 2642 780 2699 mild
802 2642 936 2697 nttntiarit
951 2656 999 2697 res
1013 2642 1048 2699 ad
1313 2628 1398 2701 258
1412 2629 1579 2687 ΕΡΙὸΤθῙιᾸ
1596 2630 1679 2687 ΧΧΙῙ·

246 2739 477 2794 tilaruuuueutcm
495 2732 646 2805 proiectum
658 2731 744 2804 ledi).
762 2731 840 2787 llitte
855 2730 953 2785 iterum
968 2730 1048 2786 robis
1098 2716 1235 2791 Gvdn'dm
1262 2719 1463 2779 Vindoclttemia
1486 2727 1640 2781 monasterii
1668 2727 1776 2783 ductilis
1802 2729 1901 2798 didm,

247 2832 328 2886 istm„
348 2827 472 2891 frugem,
490 2840 539 2898 per
554 2838 634 2895 quem
660 2822 729 2879 mihi
750 2822 884 2877 mandens
900 2822 922 2877 si
943 2822 1048 2893 magni.
1133 2814 1487 2873 cirart'sat'moedomiutesuoe
1501 2816 1901 2877 lletbildiPictuuieneieenti·

242 2920 334 2977 tudini
351 2930 530 2975 restrrrmere
548 2913 675 2986 parvitati
699 2914 866 2984 adpraesens
888 2912 962 2983 loqui
984 2912 1044 2983 pla·
1133 2906 1205 2961 tt’rste
1229 2906 1315 2979 (365),
1344 2905 1431 2963 Deum
1453 2908 1555 2977 timere,
1581 2920 1607 2965 et
1626 2927 1687 2965 eunt
1707 2913 1801 2969 rimare
1826 2916 1899 2969 dili-

246 3012 346 3076 euerit,
358 3019 385 3066 et
394 3009 450 3072 uli,
463 3018 491 3063 et
502 3007 611 3077 querulo
622 3005 750 3075 placebit.
760 3005 800 3058 dd
813 3019 869 3069 res,
882 3004 1045 3061 charissime
1131 3014 1202 3068 gere.

246 3103 365 3167 domine,
378 3100 477 3173 saepius
492 3100 629 3155 venissem
644 3094 726 3166 257
740 3096 811 3152 etde
823 3094 939 3151 utilitate
953 3104 1043 3151 restra
1059 3132 1081 3192 c
1132 3087 1209 3155 Quod
1224 3097 1368 3161 postquam
1379 3089 1505 3149 deminus
1518 3106 1620 3163 eomes,
1650 3094 1766 3153 marites
1791 3105 1900 3166 rester,

245 3239 279 3294 ad
291 3238 414 3301 utilitern,
428 3236 540 3306 polleas,
553 3234 579 3289 iu
596 3234 649 3291 hoc
665 3248 679 3288 a
697 3232 782 3305 patris
793 3231 832 3287 tui
847 3231 984 3301 probitate
996 3232 1042 3290 de·
1093 3227 1231 3297 cepisset.
1252 3229 1436 3285 Arvernorum
1460 3243 1552 3285 cemes
1566 3230 1618 3285 laec
1631 3240 1754 3300 tempere
1766 3230 1900 3289 feudata-

241 3324 377 3379 vgeremaro
397 3306 550 3379 perhiberis
571 3306 642 3375 otted
663 3304 839 3360 eeclesiarum
857 3303 918 3373 jura
938 3310 1043 3373 pertur-
1094 3299 1152 3353 rius
1165 3297 1216 3355 leit
1228 3298 1305 3354 citreis
1317 3298 1470 3367 deuitanda·
1484 3315 1493 3355 r
1507 3300 1598 3356 multe
1615 3302 1728 3370 preinde
1747 3301 1900 3360 Guilielme

245 3388 303 3445 tres,
319 3387 346 3434 et
358 3394 425 3448 qtras
442 3377 487 3432 ille
504 3376 627 3431 ltrrtdavit
643 3373 786 3445 exspolies.
801 3374 926 3428 Pervenit
943 3375 975 3427 etl
991 3390 1042 3432 nes
1093 3369 1226 3425 suberant
1253 3384 1352 3437 cause,
1387 3386 1436 3427 eur
1465 3372 1499 3427 ad
1528 3371 1668 3427 Arrerttes
1701 3373 1900 3444 preiieiscerc·

244 3451 317 3519 ottod
334 3450 499 3504 rttooasterie
514 3446 703 3501 l'iudociueosi
716 3443 857 3499 ecclesiam
871 3444 945 3499 Beati
956 3443 1042 3501 Geor·
1094 3447 1147 3495 tur·

244 3522 292 3591 gii,
315 3518 477 3575 inlereuis
497 3516 584 3571 insuta
607 3517 699 3580 sitam,
721 3530 781 3568 cum
803 3514 918 3583 qttadam
938 3516 1041 3584 optima
1129 3508 1204 3582 (565)
1233 3511 1358 3567 liutitildi
1389 3509 1721 3568 Pictueienricomitirste.
1752 3513 1898 3572 Guillelnai

239 3604 317 3645 terra
334 3588 487 3644 abstuleris.
502 3588 539 3641 Te
553 3587 654 3657 itaque,
667 3584 827 3641 clarissime
839 3584 886 3649 fili,
900 3588 1041 3656 presenti·
1093 3582 1211 3647 corruitis,
1225 3582 1259 3635 ad
1274 3596 1354 3653 qtretn
1377 3584 1499 3653 epistotae
1521 3586 1687 3653 superiores,
1704 3586 1823 3656 conjugi.
1841 3588 1898 3644 Diu

245 3664 295 3715 ltus
314 3660 411 3715 litteris
424 3658 611 3721 obrueremus,
628 3666 667 3721 ut,
679 3657 749 3711 sicut
761 3664 915 3711 sauctorum
932 3665 1028 3725 aposto
1093 3652 1171 3707 nobis
1186 3653 1213 3706 in
1228 3652 1365 3709 llatiuldis
1393 3655 1475 3722 lmjus
1493 3654 1702 3723 investigatione
1729 3656 1897 3715 lueremlum

245 3732 332 3786 lorum
345 3739 373 3785 et
384 3738 503 3785 uostraut
518 3729 632 3794 gratiam
646 3728 745 3797 diligis,
762 3724 909 3781 Ecclesiam
923 3725 995 3780 illam
1011 3735 1039 3784 et
1092 3722 1191 3788 iuerat,
1208 3722 1260 3779 nisi
1280 3734 1430 3794 opportune
1452 3725 1633 3780 succurrisset
1662 3732 1740 3780 retus
1770 3727 1897 3795 diploma

245 3812 358 3864 caetera,
382 3815 441 3869 qttae
466 3796 710 3853 Vituluciueosilms
731 3795 870 3851 monacbis
892 3796 1038 3866 abstulisti,
1091 3792 1228 3849 Guillelmi
1253 3793 1354 3858 eteriti,
1377 3795 1421 3849 eui
1438 3796 1495 3865 ipsa
1524 3796 1694 3865 subscripsit,
1711 3797 1746 3852 de
1765 3797 1895 3854 altaris.

244 3887 338 3927 eorum
352 3876 513 3941 potestatem
526 3870 636 3924 emnioe
648 3867 784 3923 restituas.
798 3866 852 3922 iles
862 3866 933 3921 euim
944 3880 1039 3923 εοιιιιιι
1091 3863 1228 3919 llarimde
1247 3864 1355 3928 Solace.
1392 3866 1444 3920 ued
1459 3876 1603 3936 paternum
1625 3868 1779 3935 exeutplum
1806 3882 1895 3925 secu·
1998 3879 1999 3896 ¹

243 3950 388 4012 pareutum
411 3948 517 3996 tuorum
540 3938 718 4021 eleemosynae
744 3946 806 3993 sum
829 3946 858 3991 et
884 3936 1040 4008 apostolice
1093 3943 1135 3990 tus
1160 3933 1350 4005 Burdigalensi
1372 3880 1408 3991 Q.
1436 3936 1533 3991 Creteis
1553 3936 1731 4000 monasterie,
1761 3938 1837 3993 uude
1865 3943 1894 3995 itt

243 4012 316 4067 sedis
329 4011 467 4067 allodium.
484 4008 560 4076 Qrtod
575 4010 597 4063 si
621 4009 691 4063 inira
707 4008 765 4063 dies
778 4007 899 4078 triginta,
916 4008 981 4063 risis
995 4009 1039 4064 ltis
1091 4005 1256 4074 exscriptum
1274 4014 1328 4073 est,
1349 4006 1486 4063 concessit
1498 4021 1570 4061 aune
1585 4006 1665 4063 1096.
1680 4006 1709 4063 td
1721 4008 1757 4064 ad
1772 4012 1895 4066 verbum

242 4081 351 4146 litteris,
368 4082 439 4153 qttetl
453 4080 613 4135 rnartdnmus
627 4078 776 4147 adimplere
787 4079 995 4146 contempseris,
1011 4089 1040 4135 et
1091 4078 1131 4131 sie
1151 4076 1254 4130 babet:

242 4152 456 4223 indignationem
473 4160 593 4205 nostram
615 4148 764 4211 incurristi,
780 4156 807 4203 ct
821 4146 976 4217 apostolice
995 4163 1039 4204 se·
1090 4146 1311 4203 Guillelmiducis
1330 4148 1479 4219 deuitonite
1501 4147 1667 4219 priuilegium
1686 4164 1735 4219 pre
1755 4162 1895 4209 moneste-
1994 4151 1995 4166 ³

242 4224 284 4278 dis
298 4224 471 4277 arratlremnte
487 4232 512 4274 te
525 4235 683 4289 percussum
697 4218 882 4274 indubitanter
894 4232 1036 4287 agnoscas.
1317 4218 1357 4274 rie
1368 4216 1397 4275 S.
1410 4217 1504 4273 Crucis
1520 4218 1662 4289 Burdigoi.

239 4292 438 4349 blunastcrium
455 4292 695 4347 l'imlotiuenseet
715 4304 760 4345 res
780 4288 814 4343 ad
840 4289 927 4358 ipsum
952 4290 1038 4360 perti·
1129 4284 1390 4357 rigeWitteuoos,
1416 4289 1506 4343 diviua
1529 4290 1674 4344 ordinante
1718 4290 1889 4359 residentia,

241 4373 337 4421 nerttes
360 4364 397 4417 ita
420 4361 568 4431 apostoliea
591 4361 753 4417 auctoritate
782 4358 966 4413 corroboratae
988 4376 1037 4414 nu·
1090 4356 1281 4427 liquitauirect
1295 4358 1433 4414 Vasconis
1451 4358 1505 4413 dttx
1519 4369 1548 4414 et
1560 4374 1694 4414 certmst
1726 4369 1893 4417 itttttttttttts-

241 4444 356 4491 scuutur
373 4443 418 4499 ut,
438 4433 459 4486 si
481 4433 544 4502 qttid
560 4432 622 4485 iude
643 4429 762 4485 ablatum
785 4428 826 4484 rel
837 4430 999 4484 distractum
1022 4446 1037 4485 a
1090 4426 1141 4497 ltus
1153 4428 1335 4499 bdelibusper
1351 4431 1403 4484 ltee
1416 4430 1587 4500 priuilegium
1598 4439 1699 4486 nestrae
1711 4434 1893 4490 auctoritatis

240 4519 377 4576 quoquam
394 4502 486 4565 leserit,
508 4518 522 4554 a
547 4500 793 4571 praedecessoribus
809 4500 910 4554 nestris
927 4511 1039 4555 excom·
1051 4495 1078 4550 t)
1091 4498 1150 4553 lieri
1174 4500 1296 4555 uolumus
1320 4501 1392 4570 qued
1417 4500 1459 4555 uir
1471 4499 1634 4555 uenerabilis
1649 4499 1744 4564 llulce,
1765 4502 1797 4556 S.
1813 4502 1891 4559 Cru-

240 4576 408 4631 ruuuieatum
426 4588 479 4629 ιιοιι
496 4572 612 4627 dubites.
628 4570 661 4627 Et
679 4586 760 4641 ortem
777 4570 848 4624 berni
867 4568 970 4624 illirici
988 4584 1038 4625 es·
1091 4570 1132 4625 cis
1149 4570 1243 4634 abbas.
1266 4572 1412 4640 postularit
1429 4586 1443 4625 a
1466 4572 1545 4627 uobis
1573 4579 1602 4625 ut
1619 4570 1691 4625 sieut
1713 4572 1893 4629 clarissimus

239 4646 592 4707 contemnebamus.nou
608 4639 878 4712 possumusselrcte,
894 4640 1040 4700 uecdcbe-
1091 4640 1198 4707 genitor
1224 4650 1317 4695 nester
1350 4643 1513 4697 venerandae
1546 4642 1685 4696 eternoriae
1713 4639 1891 4711 willelmus,

238 4732 313 4781 ιιιιιες
329 4714 379 4771 sed
395 4718 466 4785 qued
482 4716 617 4776 iecerunt,
638 4727 688 4767 nes
703 4712 799 4766 eadem
812 4710 977 4767 auctoritate
993 4710 1041 4766 ιιι·-
1110 4710 1136 4763 ui
1157 4719 1185 4764 et
1200 4709 1337 4765 Geffridus
1364 4724 1476 4767 recatus
1501 4718 1554 4778 est,
1577 4710 1664 4766 altare
1680 4710 1710 4767 S.
1731 4711 1828 4769 llarire
1856 4718 1893 4773 de

239 4802 355 4841 ruaunus.
372 4784 468 4840 Datttm
482 4784 574 4839 littmm
586 4799 604 4837 ιι
618 4778 904 4850 Kalettdasdprilis.o
1130 4779 1200 4844 laco,
1224 4796 1285 4835 cum
1317 4782 1444 4837 omnibus
1471 4784 1530 4838 suis
1565 4782 1746 4853 apcrtdieiis,
1779 4784 1892 4852 judicio

274 4856 349 4927 (ilbi)
371 4853 512 4925 Pomponii
533 4854 620 4909 uestri.
643 4850 801 4907 (luilleltnus
822 4848 948 4905 tilerenis
968 4866 1038 4920 prae-
1089 4849 1239 4921 legaterum
1255 4860 1357 4907 sancte
1378 4851 1509 4907 Restione
1528 4798 1669 4919 Eccfesire,
1694 4852 1797 4908 Atuate
1810 4857 1893 4911 ride·

231 4928 358 4994 pesitus,
379 4924 697 4984 ilairttericrts.dsto.et
716 4921 761 4975 alii
779 4919 929 4988 dequibus
948 4922 994 4977 lie.
1017 4938 1036 4988 r,
1091 4920 1155 4977 licet
1188 4921 1356 4977 Flerensimu
1381 4924 1518 4993 episeopo,
1547 4932 1574 4978 et
1602 4922 1715 4993 ilugeuc
1742 4924 1891 4983 iliensium

230 4998 318 5067 epist.
333 4996 367 5063 23
390 4996 435 5050 lib.
457 5010 499 5063 ιιι,
512 4997 592 5067 epist,
611 4994 657 5059 58,
679 5001 707 5048 et
728 4992 780 5047 laec
800 4990 869 5060 ipse,
893 4992 972 5062 epist.
992 5006 1036 5049 se·
1089 4990 1229 5117 hmotitiee,
1255 4992 1281 5046 in
1303 4991 1418 5049 concilio
1442 4993 1635 5063 Burdegalcnsi
1648 4994 1890 5065 presidentibus,

237 5067 342 5135 ψηῃιῑ,
1113 5063 1234 5119 osceliue
1267 5060 1460 5134 burdegalensi
1494 5066 1687 5135 archipresule
1721 5066 1890 5135 assistente,

273 5135 348 5209 (562)
375 5135 428 5192 Ver
446 5137 481 5190 ed
496 5134 722 5191 clarummontem
750 5130 907 5201 profertum.
933 5132 1036 5189 Aruer·
1087 5146 1148 5188 eum
1178 5134 1271 5188 tnttltis
1297 5133 1357 5189 aliis
1381 5134 1604 5205 areltiepiscopis,
1627 5143 1656 5189 et
1678 5132 1831 5207 episcopis,
1855 5150 1886 5193 et

237 5223 334 5263 uorum
347 5210 441 5263 urbem
455 5206 624 5275 prirttariam,
642 5218 703 5275 qiam
725 5203 833 5257 teutarius
846 5202 960 5258 subinde
971 5219 1033 5258 mu·
1084 5202 1235 5270 abbatibus,
1257 5204 1386 5259 Arttaudo
1410 5205 1501 5259 abbati
1515 5205 1545 5259 S.
1563 5206 1658 5261 Crucis
1677 5204 1740 5275 jure
1765 5211 1891 5275 pereuni

237 5278 555 5349 teriudottqetsstmmo
585 5274 645 5339 luit,
669 5276 741 5344 qued
769 5272 839 5342 apud
868 5274 1030 5329 Strabonem
1083 5281 1112 5326 et
1130 5274 1188 5344 ejus
1210 5276 1415 5331 successoribus
1443 5277 1586 5339 concessit,
1611 5277 1648 5329 ita
1667 5286 1760 5331 cenos
1782 5293 1893 5336 cence-

229 5347 336 5419 :lsgitur
351 5348 489 5421 ,νιμωσσὸς
514 5344 670 5409 Netrtessus,
695 5344 746 5399 etsi
770 5342 839 5398 male
852 5344 885 5398 ad
907 5344 1028 5415 Ligerim
1083 5344 1208 5399 duremus
1222 5362 1229 5411 ;
1244 5356 1272 5401 et
1292 5342 1381 5401 lecum
1397 5346 1427 5401 S.
1451 5346 1547 5402 Creteis
1569 5360 1631 5401 cum
1650 5345 1709 5401 ioco
1721 5344 1754 5401 S.
1767 5347 1891 5406 sincerii

238 5421 318 5473 leem.
329 5418 373 5475 Ea
386 5421 482 5473 iutlera
496 5426 521 5470 ct
535 5414 650 5469 coollata
664 5428 739 5479 rece,
766 5415 1027 5485 Augustonemetum,
1079 5416 1129 5467 sub
1137 5415 1416 5472 tutelaetdesensioue
1425 5425 1518 5471 nestra
1525 5418 1734 5486 susciperemus.
1743 5416 1796 5473 cot
1809 5424 1891 5488 peti-

237 5499 298 5556 pest
314 5499 435 5559 ternpore
461 5484 587 5553 Attgttstl,
614 5493 672 5541 ttuu
697 5487 803 5556 propria
822 5495 850 5540 et
875 5496 982 5555 recepta
999 5485 1027 5539 iu
1079 5484 1146 5539 tiooi
1165 5487 1342 5542 libentissime
1353 5495 1475 5544 uestrum
1488 5487 1653 5556 prebuimus
1679 5501 1842 5552 assensttm,
1860 5502 1893 5547 et

236 5560 350 5631 siugulis
367 5558 462 5613 Galliae
475 5556 631 5610 civitatibus
657 5556 862 5621 cettsuetudine,
889 5556 1027 5611 eotrtumni
1079 5553 1160 5611 l‘ctre
1175 5557 1276 5611 decano
1291 5568 1318 5612 et
1330 5558 1523 5613 archidiacone
1547 5556 1675 5613 Ecclesiae
1696 5557 1892 5631 llurdigalcn-

240 5632 321 5683 totius
343 5628 432 5698 geritis
454 5624 596 5688 uocabulo,
631 5626 740 5679 Aruerni
761 5634 788 5680 et
811 5628 876 5681 urbs
898 5625 1025 5679 Aruerno.
1079 5626 1126 5689 sis,
1144 5635 1271 5682 uttotum
1303 5628 1354 5683 boc
1378 5627 1511 5683 scriberet
1530 5637 1579 5683 aut
1603 5628 1684 5683 scribi
1702 5632 1891 5700 praeciperet,

239 5700 359 5767 vertique
375 5696 470 5751 Clorm
486 5711 570 5757 morte,
584 5697 616 5749 de
629 5697 724 5764 priscae
736 5698 807 5751 areis
832 5696 1025 5764 appellatione,
1078 5696 1129 5750 sub
1145 5698 1309 5761 testimonie,
1337 5709 1401 5762 ete,
1421 5700 1603 5769 praecipimus,
1632 5706 1661 5753 et
1681 5698 1765 5767 sigilli
1788 5704 1889 5757 uestri

228 5784 298 5823 curu
314 5769 393 5823 inibi
418 5765 680 5835 postl‘ippiuimmur
699 5766 852 5823 incendium
869 5765 1025 5821 ittaedillmri
1085 5768 1262 5837 itupressieue
1283 5768 1396 5842 signari.
1424 5768 1481 5842 Ege
1512 5768 1649 5825 ilatltildis
1676 5784 1747 5825 uxor
1775 5773 1894 5830 deoriui
