4017 6342
132 340 185 399 nr
846 328 1051 410 ,aristote
1192 373 1195 377 ι
1705 338 1756 397 rto

133 459 240 517 ordinis
265 456 383 515 nitidam
411 458 614 526 perseueranter
628 450 785 523 [obscurare
818 455 922 523 purita-
934 462 960 519 A
973 456 1091 510 litteram
1107 450 1251 525 scripturae
1271 460 1399 516 reservet,
1413 460 1482 523 ouos
1493 452 1693 525 vemiudiguos
1712 456 1758 527 ju·

135 558 198 606 tem
585 561 593 575 ·
972 546 1047 602 dicat
1060 546 1119 601 sine
1133 544 1270 613 scriptura
1283 543 1380 614 gladiis
1405 558 1452 599 sex
1475 544 1596 599 rimrnm
1621 558 1758 614 exponere

170 636 274 693 Sancto
297 634 411 707 Spiritui
429 633 530 705 gratias
551 632 668 705 agimus,
691 634 770 705 cujus
792 633 921 691 instinctu
973 654 1029 693 non
1043 637 1182 693 tormidet.
1193 635 1281 706 Cujus
1290 637 1434 706 potestatis
1445 636 1598 693 sublimitas
1611 644 1693 693 terrae
1704 638 1758 694 illis

136 730 206 785 circa
230 726 397 783 canonicum
411 725 534 781 ordinem
547 740 605 793 ⁴vos
628 724 726 780 iratres
741 723 874 781 servorem
895 734 922 781 et
973 729 1142 796 attribuitur,
1155 729 1204 799 qai
1214 729 1367 784 castitatem
1379 728 1504 798 eorporis
1516 728 1758 785 munditiaecordis

137 817 257 875 studium
271 816 373 871 habere
386 816 590 886 cognoscimus.
601 814 684 871 Decet
696 814 769 870 enim
780 825 810 869 ut
819 823 923 885 quanto
972 834 1007 875 ex
1018 821 1183 883 discretione
1194 820 1373 883 associantes,
1390 819 1480 888 gladio
1492 820 1577 875 divini
1596 819 1672 876 verbi
1685 820 1758 876 circa

136 909 256 966 sanctior
268 908 347 974 ordo,
361 914 438 961 tanto
454 906 634 962 militantibus
655 906 682 959 in
704 904 756 959 bac
777 906 863 976 gratia
887 905 924 961 sit
973 914 1614 985 temurporeotissimooooioori‚1oomlomoori
1630 914 1758 971 Solomo-

138 1001 224 1071 maJor
237 1000 347 1055 deuotio
359 1006 387 1053 ει
401 998 565 1054 sollicitudo.
584 997 706 1068 Dignitas
721 998 821 1068 quippe
840 998 922 1067 huius
973 1006 1017 1061 nis
1030 1006 1217 1073 observantes,
1234 1020 1303 1076 puro
1317 1007 1398 1061 oculo
1409 1008 1498 1076 ipsum
1512 1023 1603 1080 regem
1619 1008 1647 1062 in
1660 1007 1760 1063 deeora

136 1090 251 1158 ordinis,
263 1090 389 1145 uidelicet
399 1088 524 1146 canonici
546 1096 574 1144 ct
591 1088 776 1155 sacerdotalis,
787 1087 923 1143 ueteribus
973 1093 1157 1149 indesinenter
1171 1094 1400 1163 coutcmplantur.
1416 1094 1518 1150 ueinde
1529 1096 1624 1165 paucis
1636 1104 1664 1150 et
1675 1094 1760 1165 plari·

137 1190 163 1236 el
177 1180 255 1235 n0lis
282 1179 468 1250 multipliciter
495 1179 696 1234 demonstratur
719 1177 814 1249 sigillis
841 1186 923 1249 alque
973 1184 1025 1239 bus
1037 1184 1205 1251 memoratis,
1221 1184 1256 1239 ad
1274 1184 1379 1240 Novum
1391 1184 1758 1241 Testamentnmreniamus.

135 1272 277 1342 exentplis.
303 1270 379 1326 lintre
404 1270 578 1325 commendat
605 1268 722 1340 Spiritus
752 1277 864 1324 sanctus
895 1270 923 1322 in
973 1272 1065 1345 ipsum
1079 1274 1535 1331 Deiothomloiootliomooosror
1552 1274 1761 1346 onrmsgnoog

137 1363 242 1434 psalmo
257 1362 367 1417 dicens:
380 1360 484 1431 dlogtes
495 1360 620 1415 celloran
634 1361 662 1414 irt
676 1358 854 1413 sacerdotibus
866 1360 923 1429 eim
973 1364 1108 1420 clericalis
1130 1365 1235 1421 ordinis
1259 1366 1288 1419 in
1311 1363 1402 1435 seipso
1425 1380 1613 1430 consecrasse,
1637 1365 1761 1435 regulam

137 1454 293 1509 invocabant
316 1452 458 1507 Dominum
478 1455 573 1523 etipse
595 1451 754 1507 exaudiebat
773 1468 817 1506 eos
835 1448 921 1521 ll’tttl.
974 1472 1084 1528 quoqoe
1103 1472 1157 1527 quo
1173 1457 1293 1511 vivimus
1315 1458 1373 1513 soto
1391 1456 1523 1526 oposrolis
1537 1455 1692 1511 prodidisse,
1711 1454 1762 1509 flio

137 1564 231 1615 scutit,
244 1547 284 1618 6).
299 1545 333 1601 Et
344 1546 442 1601 iterum
454 1544 563 1599 dederit
566 1576 922 1601 ·············
974 1547 1124 1619 discipulos
1151 1555 1310 1618 congregat,
1335 1547 1420 1601 vitant
1444 1562 1616 1603 communem
1644 1546 1763 1603 instituit

139 1675 551 1698 ...............
583 1632 640 1691 slve
656 1634 749 1706 regule
763 1634 923 1704 disciplinae,
974 1641 1069 1697 dicens
1082 1657 1089 1695 :
1100 1637 1152 1704 Qui
1164 1654 1215 1693 nott
1230 1636 1364 1693 renuntiat
1377 1640 1497 1693 ontnibut
1507 1656 1566 1710 gttoe
1578 1639 1761 1709 possiderem

138 1731 256 1803 percutit
270 1730 429 1801 AEgyptum,
445 1728 544 1783 liberat
556 1726 649 1795 lsrael,
666 1726 762 1782 dividit
773 1741 849 1782 ntare
868 1725 925 1780 llu-
975 1740 1059 1801 potest
1070 1729 1361 1800 memettedt'seipalm
1375 1728 1452 1799 (Luc.
1467 1738 1523 1797 stu,
1539 1724 1596 1801 53).
1609 1728 1686 1785 Hauc
1696 1742 1762 1799 apo-

139 1824 230 1891 bfflmr
245 1838 332 1893 aqttas
343 1820 425 1876 rertit
439 1820 466 1874 ³¹¹
479 1819 662 1885 dulcedinem,
676 1818 788 1873 flumini
801 1816 927 1888 lllltdsstil
941 1815 963 1870 lt
977 1825 1039 1881 stoli
1062 1824 1206 1896 primitium
1227 1826 1339 1881 tradunt
1361 1824 1490 1881 Ecclesiae
1510 1826 1581 1883 sicut
1599 1826 1627 1881 in
1649 1826 1762 1881 Actibus

139 1916 174 1972 (le
187 1923 273 1987 pelli·
290 1914 341 1969 Pel
361 1913 531 1971 sacerdotem
549 1912 596 1966 dai
608 1910 681 1966 ⁰0⁰⁵
702 1911 799 1981 legem,
817 1909 927 1963 inslfflli
976 1932 1071 1973 corum
1084 1916 1215 1987 scriptum
1230 1924 1271 1971 est
1285 1933 1292 1971 :
1306 1915 1374 1970 Erat
1385 1933 1430 1970 cor
1441 1933 1522 1971 annm
1532 1926 1557 1971 et
1566 1918 1657 1971 animo
1670 1930 1724 1971 tttttt
1733 1916 1761 1971 in

139 2008 353 2073 tabernaculum,
365 2022 467 2073 arcam,
480 2020 556 2072 vasa,
569 2004 742 2068 vestimenta,
754 2003 825 2057 ritus
840 2000 926 2057 sacri·
977 2006 1044 2075 Deo,
1058 2017 1087 2062 et
1101 2022 1155 2061 non
1176 2006 1304 2063 dicebant
1316 2007 1419 2077 aliquid
1434 2008 1586 2078 proprium,
1600 2020 1663 2062 n'am
1685 2014 1763 2062 erant

140 2101 276 2165 liciorum,
297 2108 325 2155 ει
344 2106 440 2154 caetera
455 2112 515 2167 qum
536 2096 672 2167 portinent
692 2094 726 2150 ad
741 2095 844 2151 cultum
867 2093 926 2148 liei.
977 2098 1032 2154 illis
1048 2098 1140 2154 omnia
1162 2098 1318 2154 eommunia
1338 2098 1409 2169 (Act.
1426 2112 1463 2166 tr,
1484 2098 1541 2169 tt).
1567 2097 1601 2153 Et
1622 2098 1762 2168 impletam

131 2191 217 2259 ,Hanc
231 2188 427 2247 sacerdotalem
443 2186 603 2265 dignitatem
624 2184 797 2240 commendat
818 2183 928 2239 claritas
977 2200 1020 2247 est
1033 2191 1105 2262 qnod
1118 2192 1198 2263 longe
1211 2200 1274 2246 ante
1287 2192 1322 2247 de
1334 2192 1387 2247 hoc
1401 2200 1497 2247 nostro
1513 2180 1610 2247 ordine
1631 2192 1761 2262 scriptum

139 2283 234 2339 vuitus
251 2280 363 2351 blopsis,
390 2276 530 2350 gloriaque
545 2276 769 2331 vestimentorum
789 2275 881 2330 Aaron
902 2282 929 2329 ct
978 2293 1038 2338 esc:
1052 2280 1119 2337 Eece
1133 2299 1213 2353 quom
1230 2283 1327 2337 tonum
1340 2291 1454 2353 etonem
1473 2283 1623 2353 jocundum
1639 2284 1763 2337 patrm„

141 2373 260 2429 filiolum
278 2370 348 2439 eills,
362 2375 389 2423 θῑ
400 2366 472 2436 quod
489 2366 592 2421 dicium
604 2373 646 2421 tsi
656 2364 742 2437 Moysi
755 2384 761 2419 =
778 2363 874 2421 Omnia
885 2364 929 2434 loc
979 2374 1075 2443 {ratres
1085 2375 1114 2427 in
1127 2389 1208 2427 anam
1221 2372 1310 2442 (Ptol.
1322 2390 1426 2441 crxxrt,
1439 2375 1478 2446 l).
1493 2373 1579 2430 Primi
1597 2373 1762 2429 audierunt:

140 2467 218 2519 terta
234 2461 369 2531 exemplar
381 2458 450 2530 guod
469 2458 517 2513 tili
532 2464 708 2511 ammiratum
731 2464 769 2511 etl
793 2458 821 2511 itt
842 2463 929 2511 moult
978 2463 1048 2518 Eece
1064 2480 1144 2535 onom
1163 2463 1269 2530 bonnm,
1293 2480 1345 2521 nec
1367 2466 1419 2521 soli
1441 2466 1605 2531 audierunt;
1618 2479 1675 2519 non
1690 2464 1764 2519 enim

141 2551 241 2615 lffld·
258 2566 287 2615 12
302 2550 341 2619 ll.
364 2548 405 2603 El
422 2546 521 2617 quibus
536 2545 626 2601 verbis
639 2545 777 2615 ⁰⁰¹¹il³²¹¹i
799 2544 928 2615 quoniam
979 2568 1067 2624 ustpte
1078 2554 1112 2609 ad
1126 2553 1187 2610 illos
1200 2562 1307 2610 tautum
1318 2555 1372 2611 ista
1385 2554 1494 2610 dilectio
1506 2564 1532 2611 ει
1546 2552 1765 2611 εεὶιεεινειιειιι

141 2644 274 2703 canonica
296 2652 324 2698 et
338 2639 513 2697 sacerdotalis
533 2638 626 2709 regula
640 2653 674 2693 ex
692 2637 759 2707 ipsis
774 2635 929 2693 coelestibus
978 2648 1064 2715 venit,
1077 2646 1217 2703 ooeoeodtr
1236 2661 1357 2719 „amque
1368 2646 1405 2701 oo
1428 2656 1554 2718 postolos
1573 2662 1661 2717 ωηο
1678 2646 1764 2702 oppam

141 2732 345 2805 exemplaribus
354 2730 527 2797 inlormatnr,
536 2730 651 2801 plusque
665 2736 708 2784 est
716 2726 829 2784 dicenda
839 2726 931 2784 diuina
980 2738 1015 2793 ao
1026 2738 1181 2805 modernos,
1199 2746 1230 2793 oe
1245 2739 1302 2809 jam
1315 2737 1462 2793 decamus:
1480 2737 1549 2792 5000
1569 2754 1650 2809 mm
1669 2737 1765 2793 emm

141 2840 225 2897 gaam
242 2825 373 2879 humana.
387 2819 416 2875 ln
433 2821 519 2891 dgura
541 2817 629 2875 nostri
648 2818 752 2874 ordinis
765 2827 930 2889 praereptum
979 2836 1005 2883 et
1019 2844 1099 2899 qoem
1108 2829 1256 2897 poenorum
1268 2829 1389 2884 oaorem
1401 2829 1496 2898 [farm
1506 2830 1536 2883 ro
1550 2839 1641 2883 onom,
1651 2828 1707 2885 geg
1720 2828 1764 2884 cup
1784 2890 1789 2898 ὁ

142 2925 185 2971 εει
199 2913 388 2970 sacerdotibus
408 2919 436 2967 et
448 2909 548 2977 levitis,
563 2920 594 2965 ut
608 2926 663 2965 non
683 2909 802 2965 babeant
816 2907 930 2965 haeredi-
982 2920 1022 2975 roi
1037 2919 1141 2974 similes
1152 2934 1248 2975 sumus
1260 2919 1334 2975 dieat
1344 2920 1476 2990 psalmon,
1487 2922 1557 2975 ticet
1566 2929 1726 2990 unguentum
1737 2920 1766 2973 in

143 3020 227 3067 talem
241 3012 312 3066 inter
326 3008 435 3065 tratres.
454 3006 522 3079 Epo,
537 3007 626 3077 inquit
639 3004 782 3073 Dominus,
793 3020 837 3059 ero
848 3005 931 3059 luere·
979 3009 1571 3080 rapite,qnoddeseendttmtotam,tartam
1577 3010 1766 3082 demolitio„

143 3105 214 3159 ditat
228 3119 329 3165 torulo.
352 3100 403 3155 lati
418 3116 481 3155 aeta
495 3116 573 3155 tetro
585 3098 747 3165 custodiunt,
761 3098 832 3151 circo
845 3097 931 3151 tuder·
982 3100 1026 3173 tt).
1053 3098 1151 3156 Noster
1176 3100 1278 3167 Aaron,
1302 3102 1431 3158 sacerdos
1454 3110 1557 3168 noster,
1569 3109 1612 3158 est
1626 3100 1766 3159 Christus.

143 3195 242 3250 nocato
252 3193 393 3260 excolent,
411 3192 519 3263 plorent
541 3192 611 3245 iram
631 3186 690 3257 Dei,
705 3197 811 3259 portant
824 3196 930 3259 peccota
981 3189 1042 3263 lpse
1053 3191 1173 3261 seipsum
1187 3193 1344 3262 obtulitpro
1354 3193 1436 3248 nobis
1449 3193 1478 3248 in
1489 3190 1664 3261 sacrificinm,
1674 3209 1768 3249 resur-

142 3285 245 3356 mruti.
261 3294 339 3355 alme
353 3282 514 3339 intermeant
527 3291 552 3336 et
566 3280 691 3353 orontem
707 3280 862 3335 mediatores
871 3286 931 3332 suut
982 3284 1061 3350 reru,
1074 3283 1197 3339 ascendit
1211 3283 1239 3337 tn
1254 3284 1364 3351 colun,
1378 3283 1454 3339 rentt
1476 3282 1594 3353 spiritns
1618 3292 1731 3339 sanetus
1750 3270 1768 3337 i

143 3374 294 3433 constituti.
308 3372 414 3439 Quibus
425 3371 516 3428 verbis
531 3378 605 3441 patet
615 3370 680 3441 ‘qttia
695 3367 724 3424 iti
737 3368 784 3441 qui
805 3364 931 3425 stttrthu·
982 3372 1071 3443 capite
1088 3372 1123 3427 ‘in
1143 3362 1268 3441 barbam,
1286 3364 1424 3428 n'Cbristo
1447 3371 1481 3427 ad
1502 3372 1663 3443 discipulos.
1679 3370 1768 3427 Barba

142 3466 189 3536 ills
209 3466 323 3533 ordinis.
338 3464 390 3521 elsi
413 3472 477 3519 suni
498 3461 635 3528 immines,
649 3460 748 3517 debelti
770 3474 830 3517 0⁵⁸0
851 3474 931 3531 super
982 3465 1167 3521 maturitatem
1180 3465 1279 3534 dgurat
1291 3471 1319 3519 ει
1332 3461 1526 3533 perlectionem
1544 3482 1551 3517 ε
1566 3464 1639 3534 quod
1653 3463 1770 3519 descen·

144 3560 281 3615 immines.
300 3556 334 3612 lli
348 3556 437 3613 tribus
456 3556 577 3611 excimnt
596 3554 738 3625 populum,
763 3554 791 3609 li
807 3552 835 3609 in
855 3554 931 3624 virga
982 3557 1024 3612 dit
1043 3556 1071 3610 in
1096 3571 1173 3611 aram
1188 3555 1342 3612 vestimenti
1356 3556 1427 3627 ejus,
1446 3555 1499 3611 boc
1521 3564 1564 3610 est
1585 3556 1619 3611 ad
1646 3564 1769 3625 posteros

144 3650 236 3705 Aaron
253 3647 341 3703 lerrea
362 3646 469 3711 florent,
484 3643 660 3711 fructificant,
677 3642 837 3713 ceterisque
859 3641 933 3697 ordi·
983 3644 1113 3701 Ecclesiae
1133 3645 1274 3700 derivavit.
1301 3642 1401 3700 Sectua
1413 3652 1455 3699 εει
1474 3644 1546 3699 enim
1557 3642 1688 3710 Ecclesia,
1708 3658 1770 3713 quae

144 3740 227 3794 nibus
242 3736 426 3809 praeminent.
447 3734 584 3791 iiiarcam
598 3742 717 3805 portant,
732 3732 878 3789 lordanem
890 3731 934 3787 di·
983 3737 1067 3795 uestis
1088 3736 1265 3801 bomiui'est,
1286 3742 1314 3790 et
1328 3735 1433 3807 peperit
1452 3735 1629 3792 monasteria.
1653 3733 1770 3804 lmplen·

143 3830 251 3897 sidunt,
267 3824 460 3897 promissionis
482 3834 584 3881 terram
608 3832 752 3895 occupant,
764 3822 873 3879 iericho
887 3822 933 3877 de-
984 3836 1040 3890 tur,
1064 3835 1095 3882 ut
1118 3825 1186 3891 dixi,
1215 3824 1316 3895 Spiritu
1338 3833 1445 3889 sancto,
1471 3823 1602 3895 jubentur
1623 3824 1770 3894 predicare

143 3929 266 3988 struunt,
280 3920 411 3976 barbaras
425 3926 518 3989 gentes
531 3916 697 3988 opprimunt.
724 3913 822 3970 Omnia
834 3914 891 3969 baec
904 3914 933 3969 in
985 3916 1060 3973 omiti
1080 3924 1221 3981 creaturae,
1234 3915 1372 3971 daemones
1396 3915 1501 3984 legant,
1524 3914 1647 3969 infirmos
1661 3920 1770 3979 sanant,

143 4020 242 4068 nostro
255 4010 350 4067 ordine
365 4008 543 4079 spiritualiter
560 4008 722 4080 llgurantur.
750 4003 849 4061 Noster
863 4018 934 4075 quo·
985 4016 1110 4064 mortuos
1132 4006 1276 4072 suscitant,
1300 4015 1471 4061 sacramenta
1485 4004 1645 4069 conticiunt,
1660 4010 1770 4073 moesta
1794 4060 1803 4081 ‚

141 4118 201 4175 que
213 4102 324 4159 babitus
334 4100 460 4172 pluribus
474 4098 564 4155 modis
576 4107 619 4154 est
632 4098 669 4153 ibi
683 4098 815 4169 figuratus
826 4106 852 4152 ct
869 4112 936 4151 con·
986 4100 1104 4166 solvunt,
1119 4098 1219 4153 coelum
1242 4096 1378 4166 aperiunt.
1395 4092 1509 4149 bonrum
1535 4095 1569 4149 ad
1592 4093 1708 4148 nitorem
1724 4105 1772 4149 rt·

142 4192 306 4250 secratusin
321 4190 490 4247 vestimentis
501 4188 603 4246 Aaron.
618 4188 770 4244 Plurimum
786 4187 855 4243 nitet
872 4188 935 4259 bys·
986 4191 1069 4247 stium
1083 4198 1111 4245 et
1125 4190 1246 4245 habitum
1265 4184 1513 4242 commendandum
1536 4184 1691 4239 redeamus.
1714 4180 1772 4238 Au·

142 4300 197 4340 sus
216 4292 329 4349 retorta,
345 4282 393 4337 filii
411 4282 471 4353 ejus
486 4281 514 4336 in
538 4281 585 4335 Dei
610 4280 763 4335 ministerio
785 4278 866 4335 lineis
890 4294 933 4333 re-
986 4281 1075 4349 distis,
1086 4281 1203 4337 Domino
1222 4280 1250 4335 in
1271 4287 1364 4333 monte
1380 4275 1582 4347 transfigurato,
1599 4273 1672 4345 quod
1688 4273 1772 4329 resti·

142 4374 290 4447 splendent
310 4374 493 4437 indumentis,
514 4374 617 4443 posteri
631 4386 728 4426 corum
743 4369 832 4439 epltod
854 4378 936 4424 utun·
987 4384 1077 4430 memo
1092 4374 1152 4445 ejus
1165 4374 1324 4429 claruerunt
1347 4372 1418 4427 sieut
1440 4368 1498 4435 nix,
1514 4369 1625 4439 angelos
1638 4365 1720 4423 etiarn
1743 4366 1770 4421 in

141 4470 195 4516 1¹¹¹·
205 4461 286 4517 lineo·
309 4460 379 4515 Cum
400 4474 466 4532 “8⁰
483 4474 499 4513 d
519 4456 696 4514 s0m⁰l³¹ibl¹8
717 4472 804 4526 usqne
827 4456 860 4511 ad
885 4456 935 4510 11³·
952 4467 1057 4541 pulbis
1077 4465 1199 4521 uestibus
1221 4463 1380 4535 apparuisse
1403 4460 1528 4532 legimus.
1548 4457 1668 4513 lacobus
1689 4457 1773 4512 irater

141 4566 209 4606 ‘²¹¹¹
223 4550 296 4605 ¹³⁰⁰⁰
311 4548 431 4607 ⁰²”d0s0
455 4565 519 4605 ⁰⁰⁰¹
536 4549 641 4605 weris
659 4547 801 4620 specimus
816 4545 937 4616 fulgeant
987 4557 1096 4613 Domini
1127 4556 1270 4627 episcopus
1292 4555 1480 4623 episcoporum
1503 4551 1584 4606 lineis
1606 4547 1774 4605 vestimentis

141 4642 317 4706 sacerdotes,
332 4641 397 4712 quid
412 4642 544 4712 liguratur
558 4640 610 4695 nisi
625 4639 730 4695 ordinis
747 4638 832 4693 nostri
848 4638 937 4693 inuio·
988 4662 1096 4716 sempor
1110 4661 1178 4701 usos
1197 4654 1247 4699 ose,
1272 4642 1369 4697 Porrus
1392 4641 1464 4694 hooc
1485 4648 1605 4693 tonsore
1626 4644 1726 4726 nostre
1746 4644 1775 4691 et

140 4734 258 4789 labilem
276 4734 465 4789 auctoritatem
481 4740 509 4787 ει
522 4732 738 4802 resplendentem
759 4730 891 4787 castitatis
911 4736 938 4783 ct
989 4752 1097 4793 corono
1120 4734 1235 4790 fororem
1262 4733 1291 4787 in
1322 4729 1482 4786 memoriam
1506 4726 1642 4798 passionis
1671 4724 1775 4781 Christi

140 4830 272 4886 honestes
286 4829 349 4885 ritae
363 4826 618 4899 puritatemiQuid
631 4826 722 4881 tunica
741 4824 876 4880 Samuelis
893 4838 938 4879 re·
988 4826 1095 4897 primus
1122 4824 1246 4896 gestarit.
1278 4820 1330 4876 llic
1361 4821 1429 4876 ordo
1453 4825 1564 4883 noster,
1587 4823 1618 4871 ut
1641 4814 1717 4883 dixi,
1746 4817 1775 4871 in

139 4939 196 4994 ges
221 4922 417 4977 constituentis
438 4921 573 4993 designat,
589 4920 643 4977 nisi
669 4916 790 4975 tunicam
816 4922 953 4974 nostram'
989 4913 1157 4983 christon
1181 4912 1321 4983 apostolis,
1338 4911 1366 4965 in
1391 4910 1526 4981 primitiva
1544 4906 1665 4963 Ecclesia
1687 4908 1777 4977 primo

138 5012 250 5067 lincam
264 5018 292 5066 et
302 5012 426 5079 talarem,
437 5010 502 5081 outa
513 5010 668 5065 liuntasui
680 5009 798 5065 nominis
808 5009 940 5080 etymolo-
990 5008 1132 5074 exfloruit;
1163 5004 1210 5061 sed
1237 5004 1398 5074 frigescente
1423 5003 1574 5067 charitate,
1600 5008 1628 5055 et
1657 4999 1776 5054 instante

137 5104 190 5173 gia
211 5101 316 5167 mundo
337 5101 437 5157 cortici
451 5099 662 5157 observavimus
678 5114 764 5169 genus
787 5100 891 5171 regium
914 5108 941 5155 et
990 5099 1189 5171 perseeutione,
1205 5094 1378 5168 postmodum
1391 5090 1533 5158 emarcuit,
1554 5106 1635 5162 quom
1648 5088 1776 5145 Urbanus

138 5194 331 5261 sacerdotate,
354 5209 446 5251 coram
469 5208 577 5250 summo
591 5208 653 5264 rege
666 5190 827 5248 astabimus.
845 5189 941 5245 Veniat
991 5204 1060 5261 papa
1077 5198 1180 5258 martyr
1201 5185 1298 5241 deiude
1312 5182 1370 5239 suis
1391 5180 1508 5237 decretis
1528 5179 1611 5251 coepit
1634 5178 1777 5241 suscitare,

138 5288 172 5341 in
195 5294 292 5341 mente
307 5294 402 5341 nostra
423 5287 464 5340 vir
484 5285 529 5341 ille
548 5284 596 5357 qui
614 5283 686 5355 apud
708 5280 876 5339 Ezechielem
901 5282 942 5337 in·
991 5282 1088 5337 beatus
1109 5294 1218 5349 quoque
1245 5275 1413 5347 Augustinus
1433 5273 1491 5330 suis
1519 5272 1620 5343 regulis
1641 5270 1777 5332 ordinare,

137 5376 237 5431 dutus
252 5375 333 5432 lineis
354 5384 381 5431 et
400 5375 625 5431 atramentarium
648 5374 785 5445 scriptorii
808 5374 841 5429 ad
864 5386 943 5428 renes
993 5381 1105 5429 sanctus
1117 5368 1365 5441 Hieronymussuis
1378 5366 1503 5437 epistolis
1513 5360 1714 5426 commendare,
1725 5373 1779 5413 em·

137 5470 256 5524 trabere
270 5468 382 5535 dicitur,
397 5468 442 5524 cui
466 5476 540 5523 tanta
560 5476 681 5538 potestas
697 5466 853 5531 ascribitur,
876 5473 906 5519 ut
927 5480 944 5519 a
994 5467 1099 5537 torique
1123 5463 1211 5520 sancti
1235 5464 1297 5529 uiri,
1312 5464 1392 5533 'quos
1413 5462 1525 5532 longum
1553 5465 1594 5513 est
1616 5467 1778 5509 memorare.

137 5560 314 5616 sanctuario
324 5558 470 5630 incipiens,
482 5572 552 5630 quos
565 5558 662 5630 dignos
673 5556 818 5630 perpendit
827 5570 875 5627 per
887 5554 944 5609 Tou
994 5556 1072 5614 Unde
1082 5553 1192 5612 excitati
1206 5554 1276 5609 serni
1287 5552 1345 5621 bei,
1355 5553 1412 5623 jam
1425 5551 1459 5606 ad
1473 5550 1623 5606 scholarem
1634 5544 1780 5615 pristinum

136 5672 245 5743 ipsius
269 5671 375 5728 ordinis
400 5687 415 5727 a
440 5671 586 5728 Benedicta
612 5672 741 5795 episcopo
762 5670 944 5753 dvenionensi
996 5668 1120 5751 indepto
1166 5662 1323 5747 Valentiam
1333 5660 1506 5727 translatum,
1517 5672 1551 5716 ac
1560 5651 1781 5722 domumiuipsa

137 5742 300 5798 tundalum
325 5758 398 5798 struto
424 5742 701 5814 lustrationem
737 5742 772 5797 ab
795 5741 943 5808 Alantone,
996 5746 1104 5795 cttttatc
1129 5735 1257 5790 'alrnttna
1270 5739 1462 5789 restauratum.
