4017 6342
263 268 332 374 rra
744 328 745 333 ι
833 289 996 357 incarnat
1014 293 1164 356 ansatas
1182 294 1211 352 s.
1230 289 1342 347 suasu
1846 284 1887 343 nt

261 430 366 503 quibus
379 427 528 491 diabolum,
542 420 615 477 reiut
629 419 657 474 in
668 416 767 489 abysso
781 417 907 487 superius
922 416 1057 487 intellige·
1070 425 1094 485 p
1107 410 1250 484 prelatura
1273 420 1327 477 est,
1347 415 1479 463 rentums
1499 415 1543 463 est
1566 402 1772 469 Antichristus,
1800 400 1849 472 qai
1866 404 1888 465 h

261 521 363 577 bamus
381 519 526 581 inclusum,
542 512 644 581 etipse
660 509 694 565 de
709 509 763 564 illis
780 508 982 580 quodammodo
997 523 1059 565 sese
1109 519 1208 575 magna
1224 501 1375 573 babylonia
1390 499 1423 555 dc
1437 498 1580 555 meretrice
1594 496 1704 569 generis
1718 492 1780 549 {lau
1803 507 1887 551 nasos

212 634 218 642 ¹
262 612 379 669 ellerens
392 618 419 665 et
439 606 597 679 procedens,
621 610 650 656 ut
672 601 725 657 illac
741 600 795 657 sint
819 608 932 667 tectum,
947 600 1005 671 ipse
1025 598 1060 654 de
1111 606 1164 649 tur.
1183 591 1237 647 Sed
1246 591 1343 646 rolens
1355 589 1389 645 de
1405 603 1438 644 co
1450 588 1532 655 scire,
1542 585 1633 657 primo
1644 584 1756 641 notabit
1764 585 1890 655 quaresio

262 711 347 759 tecto.
375 698 527 755 Videndum
549 702 591 751 est
614 702 706 749 autem
727 706 812 764 qnare
831 692 956 747 diabolus
977 690 1060 746 modo
1109 692 1224 741 vocatus
1239 684 1285 739 sit.
1301 681 1419 749 identat,
1441 680 1506 751 quia
1521 678 1632 735 Cirristo
1656 678 1686 732 in
1710 674 1823 731 ettnetis
1837 690 1889 733 con·

262 790 372 863 ligetur.
396 787 523 860 Alligatio
535 786 638 842 diaboli
651 795 693 843 est
715 800 771 841 non
790 784 909 855 permitti
932 796 1061 839 exercere
1109 779 1193 833 traria
1213 776 1305 832 saciet.
1321 775 1450 831 Christus
1461 773 1537 828 uenit
1554 771 1667 827 humilis
1679 769 1803 827 humiles
1815 768 1889 841 erige·

261 892 348 937 totam
362 882 540 937 tentationem
559 895 642 950 qnam
659 886 758 951 potest,
773 878 817 933 rel
830 878 867 944 ri,
887 876 930 932 rel
948 876 1012 931 dolo
1024 874 1060 930 ad
1109 886 1150 938 re,
1165 879 1325 941 peccatores
1334 866 1506 937 justiticare:
1525 864 1571 919 ille
1579 871 1693 918 econtra
1704 868 1841 915 venturus
1855 870 1889 917 cst

263 972 433 1029 seducendos
441 971 567 1029 homines
576 970 604 1026 in
619 980 723 1041 partem
736 985 815 1025 suam
827 968 948 1039 cogendo
958 968 1062 1023 uiolen-
1111 962 1256 1032 superbus,
1270 960 1380 1031 dejiciet
1389 956 1519 1023 humiles,
1532 963 1692 1027 peccatores
1707 952 1888 1023 magnificabit,

261 1071 314 1129 ter,
329 1062 528 1129 fraudulenter,
547 1062 589 1118 vel
608 1060 738 1118 sallendo.
755 1060 835 1127 Quod
853 1060 875 1115 si
889 1060 1061 1129 permittere·
1110 1056 1210 1127 impios
1223 1054 1373 1121 exaltabit,
1385 1063 1412 1109 et
1422 1051 1488 1107 vitia
1500 1065 1561 1121 qnae
1572 1057 1637 1106 sunt
1653 1048 1797 1104 contraria
1812 1046 1888 1103 rirtuti

263 1162 318 1222 tur,
335 1154 362 1209 in
378 1162 433 1209 tarn
451 1154 534 1225 longo
549 1161 670 1224 tempore
686 1162 713 1208 ct
727 1160 803 1207 tarrta
819 1152 977 1207 intirmitate
987 1150 1060 1206 mul·
1110 1147 1227 1205 docebit.
1255 1146 1356 1217 Legem
1371 1142 1555 1214 euangelicam
1578 1140 1734 1210 dissipabit,
1747 1139 1889 1195 &mortu

264 1254 356 1301 torum
379 1245 512 1315 plurimos
532 1245 600 1299 tales
621 1245 717 1314 quales
738 1244 814 1311 deos,
839 1244 867 1299 id
886 1244 989 1315 perpeti
1005 1258 1060 1299 non
1110 1241 1246 1295 culturam
1255 1239 1282 1294 in
1294 1236 1427 1292 mundum
1438 1234 1588 1299 revocabit,
1596 1234 1712 1304 gloriam
1722 1246 1826 1287 ranam
1834 1247 1890 1302 quae

263 1338 332 1403 ruit,
349 1344 377 1392 et
392 1337 486 1393 lideles
505 1336 645 1407 dejiceret,
660 1344 687 1393 et
701 1350 736 1391 ne
750 1336 891 1391 crederent
905 1334 1059 1405 impediret.
1110 1340 1153 1387 ret
1169 1350 1176 1387 :
1193 1340 1222 1386 et
1237 1329 1452 1400 omnipotentem
1464 1327 1546 1383 deum
1559 1341 1590 1381 se
1600 1323 1767 1381 nominabit.
1782 1320 1834 1377 llic
1850 1323 1890 1377 ite

264 1429 343 1497 Quod
370 1445 404 1487 ne
426 1428 530 1485 iaceret
544 1429 672 1501 alligatus
682 1436 734 1484 est.
750 1428 827 1483 Tune
842 1428 914 1483 enim
929 1428 1059 1495 soluetur,
1110 1438 1164 1495 que
1181 1422 1368 1479 Antichristus
1380 1420 1484 1475 urnltos
1507 1418 1621 1474 habehit
1643 1432 1703 1471 snae
1726 1414 1890 1485 aralignitatis

265 1521 378 1593 qnando
397 1530 425 1577 et
443 1522 525 1577 hrcre
548 1531 655 1593 tempus
670 1521 730 1577 erit.
747 1519 816 1575 Nam
840 1521 926 1576 trihus
939 1519 1021 1575 annis
1034 1527 1063 1574 ct
1111 1515 1263 1587 ministros,
1277 1512 1424 1584 exquibus
1448 1511 1506 1583 iam
1522 1511 1552 1565 in
1576 1508 1681 1565 mundo
1705 1516 1891 1577 praecesserunt

266 1616 315 1670 ser
330 1613 472 1670 aiensibus
488 1614 587 1685 iegitur
602 1613 660 1669 suis
686 1613 751 1669 totis
775 1627 944 1683 suorumque
959 1612 1062 1667 viribus
1111 1608 1240 1680 qnidam,
1251 1606 1343 1677 qualis
1356 1603 1410 1659 init
1420 1602 1588 1667 Antiochus,
1603 1598 1695 1665 Nero,
1720 1596 1889 1652 Domitianus
1988 1633 1989 1636 η

265 1706 422 1772 saeviturus,
438 1714 465 1761 et
485 1706 554 1762 tales
565 1712 648 1761 crunt
664 1720 727 1760 cunr
742 1705 843 1775 quihus
858 1704 882 1759 ei
901 1703 1063 1774 belligerari·
1111 1698 1191 1756 Nune
1204 1713 1315 1770 qnoque
1327 1705 1422 1752 nostro
1447 1703 1571 1765 tempore
1593 1690 1782 1746 Antichristos
1803 1688 1892 1745 multos

265 1794 331 1851 dum
346 1804 399 1863 est,
414 1802 445 1850 ut
456 1796 529 1851 rinei
541 1804 617 1851 tanto
637 1795 697 1867 ejus
710 1796 812 1866 impetu
829 1795 992 1865 insidiisque
1006 1809 1062 1850 non
1078 1776 1241 1849 Bnorimus
1265 1806 1327 1849 esse
1337 1790 1364 1861 (l
1379 1790 1461 1845 Jonrr.
1479 1788 1522 1859 n).
1536 1786 1701 1857 Qtricunqne
1718 1784 1794 1839 enim
1817 1781 1891 1837 laicus

265 1888 383 1959 possint.
403 1887 530 1945 Solvetur
552 1896 644 1945 autom
672 1888 789 1944 Satanas
804 1888 831 1943 in
857 1888 909 1944 hare
922 1888 1016 1944 sarculi
1032 1896 1063 1945 ut
1113 1885 1307 1951 siveclcricus,
1321 1898 1370 1941 scu
1384 1882 1468 1939 etiam
1485 1880 1638 1937 monachus
1658 1886 1756 1933 contm
1770 1874 1890 1946 justitian

265 1996 350 2049 qnam
374 1979 472 2037 sortem
495 1980 684 2037 adversarium
708 1980 757 2037 uei
783 1980 880 2037 civitas
902 1980 1061 2051 superarit,
1112 1976 1348 2046 ririt,etordinis
1372 1975 1415 2031 sui
1435 1974 1558 2046 reguiam
1583 1969 1770 2042 impugnabit,
1785 1976 1814 2023 et
1831 1967 1890 2037 quel

266 2092 331 2131 cnm
345 2076 447 2149 ingenti
462 2076 548 2147 gloria
563 2075 606 2133 sui
620 2076 816 2147 redemptoris,
835 2076 978 2147 adjutoris,
992 2075 1063 2131 lihc·
1111 2069 1216 2125 bonnm
1229 2078 1272 2126 est
1281 2068 1463 2138 blasphemat,
1478 2063 1640 2122 Antielrristi
1665 2070 1774 2119 suntet
1787 2059 1891 2116 ministri

265 2168 367 2223 ratoris
380 2169 506 2240 aspiciat.
522 2166 613 2235 Quare
635 2169 742 2224 veroin
765 2168 917 2225 nouissimo
940 2168 1063 2224 solratnr
1114 2160 1233 2218 Satanae.
1245 2160 1299 2217 Sed
1316 2162 1373 2233 jam
1390 2159 1535 2216 exordium
1560 2153 1725 2211 Antielrristi
1752 2151 1890 2207 rideamus

264 2257 391 2313 rideatur
405 2277 412 2313 a
425 2257 526 2326 Exibit,
538 2266 569 2313 nt
582 2259 685 2316 dictum
698 2267 750 2325 est,
768 2258 884 2315 Satanas
900 2260 927 2315 in
939 2270 1061 2331 apertam
1113 2251 1173 2309 Non
1186 2252 1259 2309 euim
1271 2253 1344 2324 qnod
1355 2253 1389 2308 dc
1399 2266 1432 2307 co
1443 2250 1506 2306 dico
1521 2264 1554 2305 es
1568 2246 1681 2319 proprio
1694 2256 1781 2301 sensu
1795 2242 1892 2313 erengi

265 2351 495 2420 persecutionem,
513 2352 547 2407 dc
563 2352 676 2409 latebris
697 2364 822 2423 erumpet
843 2352 978 2409 odiorum.
999 2352 1063 2411 llaec
1113 2355 1141 2403 to
1158 2346 1206 2401 sed
1221 2345 1339 2401 inlibris
1353 2344 1497 2416 diligenter
1519 2340 1664 2413 relegendo
1678 2337 1777 2395 'onmia
1802 2336 1892 2406 scripta

265 2440 339 2496 eninr
356 2443 409 2498 erit
431 2444 579 2499 norissima
603 2445 767 2515 persecutio.
792 2442 948 2501 Nouissimo
967 2445 1064 2499 vimmi·
1112 2437 1232 2493 inrenio.
1249 2435 1326 2492 Sient
1346 2452 1411 2507 ergo
1438 2444 1565 2491 auctores
1582 2431 1670 2487 nostri
1693 2430 1799 2495 dieunt,
1824 2429 1892 2481 Antr-

267 2539 349 2609 nerito
363 2532 468 2602 judicio
484 2534 595 2603 qnando
610 2542 705 2589 sancta
720 2532 841 2589 Ecclesia
857 2542 913 2588 toto
931 2534 997 2589 orbc
1008 2542 1063 2589 ter·
1113 2532 1233 2589 cirristus
1255 2549 1287 2588 ex
1311 2532 1413 2602 populo
1439 2528 1598 2585 ludaeorum
1628 2525 1807 2583 nasceturdc
1829 2524 1891 2580 trihu

266 2638 361 2681 riarum
376 2624 505 2695 patietur,
522 2624 651 2679 uniuersa
674 2624 762 2680 tidelis
786 2623 883 2681 civitas
903 2621 1005 2679 Christi
1027 2624 1063 2681 ab
1112 2624 1182 2692 ban,
1196 2627 1347 2683 seeundum
1366 2624 1527 2696 prophetam
1551 2623 1598 2694 qui
1625 2620 1716 2678 dicit:
1736 2639 1746 2671 ι
1764 2618 1824 2674 Fiat
1842 2618 1891 2673 liar

265 2714 394 2770 urrirersa
419 2713 529 2768 ciuitate
550 2712 653 2768 diaboli
674 2720 896 2783 quamtacunque
914 2713 965 2767 erit
987 2722 1062 2769 utra·
1112 2718 1225 2773 coluber
1248 2717 1276 2771 in
1304 2716 1360 2781 via,
1376 2724 1498 2772 cerastes
1517 2714 1545 2769 in
1575 2712 1672 2769 sertrita
1688 2710 1766 2783 (Gen.
1787 2709 1889 2778 rutil.»

266 2823 320 2879 que
340 2822 423 2877 super
447 2814 560 2860 terram.
579 2803 657 2859 Unde
677 2804 845 2873 Apostolus:
868 2823 877 2857 ι
895 2803 1063 2878 Rclrigescct
1113 2807 1190 2865 Sient
1203 2810 1277 2866 cninr
1290 2824 1404 2880 serpens
1415 2808 1444 2863 in
1459 2807 1503 2863 ria
1517 2806 1633 2873 sedebit,
1645 2815 1673 2861 et
1687 2806 1715 2860 in
1731 2804 1825 2861 semita
1833 2802 1890 2866 erit,
1988 2793 1989 2852 1

266 2900 386 2956 charitas
402 2897 569 2964 multorum,
588 2904 616 2952 et
638 2895 789 2951 abundabit
804 2895 936 2967 iniquitas
950 2899 1060 2968 (diottlr.
1113 2911 1144 2959 ut
1155 2917 1204 2959 eos
1217 2903 1265 2973 qut
1282 2916 1330 2973 per
1343 2901 1468 2957 semitam
1478 2900 1593 2972 justicias
1607 2899 1751 2955 ambutant
1773 2896 1894 2960 sataget
1988 2949 1989 2956 χ

265 2993 352 3060 xrrr).
371 2986 477 3043 ‘Unde
499 2986 615 3043 Daniel:
644 2984 705 3041 ‘Ei
727 2986 781 3043 elii
798 2994 915 3058 lembus,
933 3007 943 3041 t
961 2989 1060 3060 iuquit,
1111 3009 1218 3050 veneno
1241 3009 1298 3050 snae
1323 2992 1435 3049 malitiae
1458 2992 1574 3049 occidat.
1597 2989 1731 3046 Nascetur
1753 2998 1842 3045 autem
1862 3000 1893 3042 cx

186 3144 190 3151 ,
269 3100 278 3133 a
296 3080 491 3149 tribulationis,
504 3079 594 3150 qualis
609 3093 664 3134 non
682 3077 733 3132 luit
743 3093 776 3133 ex
790 3093 845 3149 quo
863 3088 926 3135 nata
938 3093 981 3136 est
994 3096 1061 3153 gens
1113 3084 1286 3156 copulatione
1303 3084 1388 3141 maris
1403 3093 1429 3140 ct
1444 3084 1569 3148 lentium,
1585 3090 1616 3138 nt
1628 3082 1675 3137 aiii
1693 3082 1833 3147 homines,
1843 3094 1893 3135 nen

266 3187 350 3242 super
366 3178 466 3226 ‘ellam
482 3184 570 3239 usque
590 3168 624 3223 ad
649 3176 757 3239 lembus
781 3169 847 3225 iliud
867 3170 951 3240 (ΒΜ
969 3171 1031 3242 ¹¹¹¹)-
1047 3188 1058 3224 ι
1075 3145 1096 3203 c
1112 3185 1143 3232 ut
1156 3177 1203 3231 alii
1224 3177 1330 3245 dicunt,
1341 3176 1376 3232 de
1389 3177 1448 3232 sola
1462 3175 1578 3245 virgine,
1592 3172 1641 3231 sed
1656 3181 1762 3229 tantum
1783 3180 1855 3230 totus
1866 3172 1891 3225 iu
1966 3209 1970 3213 «
1988 3175 1989 3184 ’

265 3263 330 3319 llaec
342 3263 496 3334 persecutio
510 3261 661 3318 norissima
675 3260 767 3317 lutura
780 3262 815 3317 ah
828 3262 996 3320 Antichristo
1010 3264 1061 3318 tri·
1111 3276 1224 3339 peccato
1238 3268 1421 3339 generabitur.
1446 3266 1475 3321 ln
1499 3268 1560 3337 ipso
1576 3264 1764 3337 conceptionis
1778 3262 1894 3320 suaeioi-
1988 3287 1989 3330 q

265 3357 317 3413 bus
336 3354 457 3413 antriset
479 3370 527 3411 sex
547 3354 690 3411 mensibus
715 3355 776 3411 erit.
795 3354 855 3410 Non
873 3357 945 3413 enim
972 3356 1062 3413 reniet
1095 3358 1152 3414 tio
1166 3358 1292 3422 diabolus
1306 3358 1388 3415 simul
1401 3357 1526 3413 introibit
1539 3358 1567 3411 in
1584 3365 1695 3413 uterum
1721 3355 1816 3411 matris
1828 3354 1893 3423 ejus,
1988 3333 1989 3380 3

265 3447 300 3505 ad
315 3450 392 3506 rivos
412 3457 440 3505 et
454 3456 577 3505 mortuos
589 3447 753 3518 judicandos
766 3446 904 3516 Christus,
920 3449 973 3505 nisi
985 3449 1062 3520 prius
1112 3458 1140 3507 et
1153 3466 1187 3505 es
1202 3451 1303 3506 virtute
1328 3450 1430 3506 diaboli
1441 3448 1646 3517 confovebitur,
1663 3456 1693 3503 et
1717 3446 1846 3503 tutabitur
1869 3444 1897 3499 in

264 3542 374 3597 venerit
388 3542 422 3597 ad
439 3540 610 3597 seducendos
634 3540 767 3596 inanima
788 3548 912 3597 mortuos
930 3542 1062 3597 adversa·
1112 3551 1207 3597 ventre
1221 3541 1329 3609 matris,
1350 3542 1454 3613 etipse
1478 3541 1606 3597 diabolus
1632 3555 1742 3610 semper
1768 3553 1828 3594 cum
1850 3536 1896 3590 illo
1988 3543 1989 3562 ³

266 3632 325 3691 rius
340 3632 400 3702 ejus
420 3632 619 3698 Antichristus,
642 3646 722 3702 quem
737 3630 870 3688 Dominus
881 3629 961 3689 lesus
976 3632 1062 3689 inter·
1111 3635 1173 3693 erit.
1186 3634 1220 3689 Et
1231 3635 1302 3691 sieut
1313 3635 1341 3691 in
1355 3645 1470 3691 manem
1483 3633 1592 3689 Dourini
1604 3632 1694 3689 nostri
1710 3630 1824 3702 Spiritus
1832 3642 1897 3684 san-

266 3724 341 3780 trctet
362 3722 461 3793 spiritu
487 3722 544 3779 oris
570 3723 623 3779 sui.
648 3722 743 3780 l'eaict
767 3733 834 3781 tune
855 3740 965 3795 quoque
987 3725 1062 3781 Elias
1112 3738 1173 3786 ctus
1186 3730 1278 3796 venit,
1293 3736 1321 3783 ct
1341 3742 1402 3783 eam
1422 3727 1522 3781 rirtutc
1544 3740 1594 3780 sua
1616 3718 1898 3788 ohurnbrarit,ctdi·

266 3813 421 3882 Thesbites,
440 3822 588 3883 autequam
602 3813 691 3869 veniat
709 3814 768 3871 dies
781 3812 889 3869 Domini
907 3821 1063 3885 magnuset
1112 3822 1226 3877 vinianae
1238 3818 1362 3890 replerit,
1376 3826 1406 3873 nt
1419 3818 1453 3873 de
1479 3816 1584 3888 Spiritu
1600 3814 1766 3884 conciperet,
1781 3820 1807 3868 et
1825 3808 1897 3880 quod
1988 3801 1989 3808 '

266 3905 392 3974 illustris,
417 3906 465 3977 qui
476 3914 615 3962 convertet
636 3922 684 3962 eor
696 3906 782 3978 patris
800 3906 835 3962 ad
855 3906 953 3973 lilium,
968 3915 995 3962 et
1012 3922 1063 3961 cor
1112 3922 1273 3971 nasceretur
1294 3912 1462 3967 divinornm
1484 3912 1710 3971 salmanansar,
1734 3905 1772 3959 ita
1791 3912 1898 3973 qunque

265 3997 386 4053 ¹¹⁰¹¹¹i¹¹ii
401 3998 435 4053 ad
448 4001 606 4069 l)mximum
630 4014 721 4065 sunm,
737 4014 772 4055 1¹ss
786 3997 858 4054 [⁰¹¹¹ss
875 3998 988 4055 leniens
1000 4014 1062 4068 ber*
1112 4006 1239 4063 diabolns
1249 4006 1278 4061 'au
1290 4015 1406 4061 matrem
1419 4002 1582 4058 Antielrristi
1596 4000 1754 4066 descendet,
1768 4004 1794 4053 et
1813 4002 1897 4050 totam

265 4089 367 4144 cutiam
390 4096 491 4145 terram
517 4092 626 4162 penitus
651 4089 782 4162 (Molaria.
808 4089 856 4162 rr).
876 4109 886 4143 r
910 4088 963 4145 Por
987 4090 1062 4145 lianc
1112 4114 1173 4155 cam
1189 4098 1317 4169 replebit,
1330 4106 1361 4151 ut
1371 4096 1445 4167 qnod
1466 4103 1561 4149 natum
1573 4092 1666 4159 luerit,
1681 4100 1767 4147 totum
1785 4088 1820 4144 sit
1843 4086 1898 4141 iui-

265 4179 353 4235 Eiiam
375 4196 504 4259 magnum
522 4182 731 4253 mirabilemque
750 4182 912 4252 Pl⁰P¹¹⁰i³m
937 4182 1062 4252 eximiii
1113 4191 1337 4264 qunm‚rnalum‚
1355 4189 1503 4261 porditum.
1518 4185 1634 4241 llmleet
1656 4184 1704 4241 ille
1723 4184 1802 4238 homo
1826 4179 1898 4235 filius

266 4273 319 4327 sibi
334 4272 391 4343 lege
406 4273 557 4330 nouissimo
582 4283 704 4345 tempore
727 4283 791 4330 ante
803 4276 938 4346 judicium
951 4276 1062 4333 ludaeos
1111 4284 1273 4356 per-ditionis
1296 4283 1448 4355 appellatur
1458 4278 1502 4352 (ll
1517 4277 1663 4348 Thesara),
1690 4276 1754 4347 quia
1768 4273 1794 4329 in
1812 4286 1901 4343 qnan-

266 4363 293 4418 in
306 4364 446 4421 Christum
457 4380 565 4435 rernm,
578 4366 605 4421 id
617 4376 659 4422 est
668 4368 696 4421 ia
707 4366 848 4423 Christum
861 4377 986 4425 nostrum
1000 4383 1062 4425 csse
1112 4387 1171 4433 tum
1187 4376 1315 4447 potuerit,
1336 4390 1423 4447 genus
1449 4374 1600 4428 humanum
1619 4369 1726 4440 perdet,
1747 4376 1774 4423 ct
1793 4366 1849 4435 ipse
1868 4362 1898 4416 iu

265 4457 418 4513 credituros
432 4456 641 4515 celeberrimum
666 4462 749 4517 estin
771 4464 946 4519 sermonibus
968 4465 1060 4520 eordi-
1074 4488 1097 4542 Β
1111 4467 1264 4523 nouissimo
1274 4466 1413 4535 perdetur.
1425 4462 1495 4519 Ecce
1505 4462 1622 4517 audistis
1634 4459 1754 4531 qualiter
1763 4464 1898 4518 nascetur,

265 4548 372 4619 busque
385 4549 515 4605 fidelium.
534 4550 595 4621 lpse
609 4552 708 4623 quippe
723 4562 786 4609 ante
798 4555 945 4611 adrentum
957 4555 1061 4626 judicis
1111 4559 1204 4614 arrditc
1217 4567 1247 4615 ct
1257 4559 1349 4613 locum
1365 4556 1411 4611 ubi
1426 4552 1504 4609 nasci
1517 4553 1625 4609 debeat.
1636 4550 1706 4607 Nam
1718 4552 1789 4607 siout
1806 4544 1901 4601 boni·

266 4638 416 4697 Salvatoris
427 4656 482 4698 non
497 4642 634 4699 immerito
646 4656 772 4715 speratur
782 4660 843 4703 esse
855 4654 1000 4715 venturus,
1012 4649 1060 4718 qni
1110 4663 1163 4703 nus
1176 4646 1334 4703 Bethlehem
1350 4644 1403 4701 sibi
1417 4643 1552 4715 praeridit,
1567 4650 1598 4697 ut
1613 4642 1651 4696 ibi
1671 4656 1723 4712 pro
1746 4638 1821 4696 nobis
1841 4635 1899 4689 ltu·

265 4732 346 4787 ctiam
370 4749 444 4788 nunc
467 4734 559 4792 rivere
582 4752 637 4791 non
659 4736 796 4794 immerito
818 4740 947 4796 creditur.
968 4740 1060 4797 Curru
1110 4738 1269 4793 manitatem
1280 4745 1444 4801 assumeret,
1465 4741 1493 4789 et
1517 4742 1688 4798 nasceretur,
1715 4733 1757 4788 sic
1776 4725 1899 4786 diabolus

265 4838 384 4896 namque
398 4827 478 4899 igneo
499 4837 593 4900 raptus
604 4838 647 4886 est
660 4830 694 4886 de
712 4832 795 4888 rebus
818 4832 967 4891 immanis:
984 4835 1059 4905 quod
1114 4829 1154 4884 illi
1166 4828 1271 4882 homini
1285 4827 1395 4898 perdito
1407 4826 1455 4897 qni
1470 4817 1659 4879 Antichristus
1673 4822 1783 4888 dieitur,
1808 4819 1901 4873 locunt

266 4917 470 4976 evidentissime
482 4920 623 4992 Scriptura
634 4936 713 4978 saera
725 4930 840 4979 testatur
852 4922 878 4994 (l
886 4923 983 4995 rttep.
997 4925 1055 4995 nl.»
1109 4920 1186 4976 norit
1206 4928 1316 4990 aptum,
1331 4918 1404 4975 urrde
1427 4917 1506 4973 radix
1528 4915 1652 4971 omnium
1675 4915 1810 4970 malorum
1829 4905 1902 4963 oriri
1988 4929 1990 4994 ξ

266 5006 336 5063 Cum
358 5013 463 5066 uenerit
484 5028 550 5084 ergo
573 5014 736 5085 exponendo
756 5015 843 5086 legem
868 5016 1058 5086 spiritualiter,
1110 5013 1219 5080 debeat,
1228 5013 1332 5069 scilieet
1343 5011 1522 5083 Babylonem.
1535 5007 1565 5063 lu
1576 5008 1629 5064 hac
1637 5007 1712 5063 enim
1724 5006 1905 5071 ciritathuac

267 5114 350 5169 qnam
370 5100 541 5159 nuncludaei
554 5107 701 5162 carnaliter
715 5107 834 5177 sapiunt.
851 5108 998 5165 Coit-certet
1012 5124 1060 5166 eor
1110 5106 1250 5179 quondam
1262 5106 1365 5177 inclyta
1376 5112 1403 5161 et
1414 5104 1533 5177 gloriosa
1548 5101 1615 5157 urbs
1633 5099 1776 5172 gentilium
1800 5093 1850 5149 luit
1872 5097 1905 5144 et

267 5193 353 5259 patris
364 5194 398 5249 ad
412 5195 541 5263 hlium,id
553 5206 595 5253 est
605 5212 654 5253 cor
663 5207 773 5268 patrum
785 5200 819 5255 ad
830 5200 911 5257 tilios.
927 5200 973 5257 Sic
984 5201 1059 5257 enim
1110 5208 1193 5271 caput
1206 5199 1283 5271 regui
1294 5198 1454 5279 Persarum,
1468 5194 1656 5251 Antichristus
1674 5192 1852 5268 nascetunet
1870 5182 1905 5237 iu
1988 5175 1990 5240 ζ

267 5297 316 5339 cor
332 5292 442 5355 patrum
463 5285 496 5342 ad
512 5286 583 5345 illios
597 5298 780 5359 convertetur,
800 5306 863 5347 cum
880 5293 1059 5365 intelligentia
1110 5290 1268 5349 civitatibus
1282 5288 1465 5345 Bethsaidaet
1487 5286 1622 5342 Gorozain
1648 5281 1807 5341 conuersari
1827 5274 1907 5331 dici·
1988 5305 1990 5362 3

268 5383 377 5445 patrum
402 5380 566 5449 perducetur
587 5381 623 5437 ad
647 5381 852 5455 intelligentiam
876 5385 1005 5453 liliorum,
1031 5394 1061 5441 et
1110 5395 1165 5441 tur.

268 5483 316 5525 cor
328 5468 447 5525 tiliorum
459 5473 494 5528 ad
512 5481 604 5544 patres
616 5489 723 5545 eorum,
742 5477 808 5533 dum
824 5477 853 5532 in
871 5476 897 5533 id
909 5477 982 5547 quod
997 5491 1060 5533 serr-
1146 5473 1252 5541 Quibus
1260 5472 1417 5530 ciuitatibus
1427 5470 1561 5527 Dominus
1569 5469 1597 5524 in
1609 5467 1757 5540 Evangelio
1765 5466 1909 5533 imprope-
1988 5515 1990 5556 Ι

268 5571 363 5619 serunt
376 5562 415 5617 illi
430 5566 607 5621 consentiunt
622 5576 649 5623 et
662 5568 719 5625 isti.
1110 5568 1272 5624 ratdicens:
1287 5564 1354 5620 «Vae
1368 5564 1426 5631 tibi,
1435 5563 1590 5630 Bethsaida,
1601 5578 1643 5619 rac
1653 5562 1714 5629 tibi,
1727 5552 1905 5615 domnini»
1988 5569 1990 5624 j

445 5655 514 5713 item
527 5660 648 5713 nurrutiu
659 5659 691 5714 tle
705 5660 880 5717 totietatem.
1112 5656 1189 5727 (hnc.
1203 5657 1243 5722 x.)
1257 5656 1373 5713 Habebit
1383 5663 1474 5711 aulen
1489 5654 1675 5711 Antichristus
1690 5664 1793 5723 magos,
1808 5644 1910 5701 Me·
1988 5667 1990 5716 t

303 5745 373 5803 Ante
384 5748 690 5807 terr'hilcmadreutnm
704 5751 795 5807 nostri
814 5750 1060 5823 Redemptoris,nt
1112 5749 1189 5834 ticos,
1204 5749 1313 5807 divinos
1327 5758 1355 5807 ct
1370 5749 1555 5807 incantatores
1571 5765 1579 5803 r
1593 5747 1729 5819 quicum,
1748 5738 1915 5814 inspirante
1988 5725 1990 5796 !
