4017 6342
270 317 322 375 stt
789 348 794 357 ·
826 324 988 383 viserent
1005 326 1154 383 bonnm
1172 324 1200 383 S.
1222 326 1333 387 bresit
1829 340 1871 403 dil

268 436 383 507 quinon
395 439 647 495 amentadventum
664 454 847 510 supernorum
860 440 975 508 cisium,
995 457 1059 512 per-
1073 448 1096 503 A
1111 442 1217 498 bemus.
1232 441 1272 497 Ad
1285 450 1461 519 conspectum
1473 445 1635 517 augelorum
1660 446 1759 503 vultum
1770 450 1870 515 *dedum

268 529 416 586 timeseant
427 531 475 602 gui
486 532 645 589 carnalibus
659 532 747 602 pressi
759 530 905 590 desideriis
915 534 951 589 ad
961 548 1059 591 eorum
1112 548 1175 589 mus
1204 533 1232 589 in
1248 541 1358 596 terram,
1384 548 1446 589 cunr
1463 548 1644 603 supernorum
1660 538 1755 609 gaudia
1773 554 1871 609 eorum.

266 622 424 677 sncietatem
439 637 470 679 se
484 624 639 694 pertingere
651 638 733 695 posse
750 624 909 695 desperant.
938 623 996 681 Vos
1010 641 1060 681 au·
1110 626 1228 695 plantes,
1244 640 1295 683 nos
1308 624 1428 683 cinerem
1455 640 1516 685 csse
1538 629 1696 697 recolimus,
1712 630 1776 689 sient
1792 636 1868 701 bens

263 722 320 767 torn
336 728 387 769 cur
399 712 501 769 timetis
513 730 576 784 qnae
587 723 694 773 vestros
707 716 834 775 concives
846 717 956 775 videtis.
979 716 1060 774 «Non
1110 717 1249 775 Abrabam
1272 718 1360 790 inquit
1388 736 1396 776 a
1425 718 1563 792 «Loquar
1577 721 1611 777 ad
1630 721 1771 779 Dominum
1790 744 1872 801 meum,

262 813 306 859 est
318 804 497 861 inierdieitur
508 820 557 876 per
569 809 743 881 pressorium
756 809 905 881 earnisqoi
917 825 1059 881 nunqnam
1110 824 1173 867 cum
1188 810 1239 867 sim
1253 811 1343 883 pulvis
1365 821 1393 867 et
1412 811 1483 869 einis
1509 811 1586 885 (Gen.
1608 815 1698 885 xvrn).
1718 834 1728 867 r
1754 815 1871 893 Nonquia

262 897 339 951 deest
349 910 399 967 pcr
410 898 586 968 praesentiam
598 901 761 971 majestatis.
784 901 871 959 Radix
886 917 981 959 amora
993 918 1059 959 ern·
1111 915 1213 963 saneim
1229 908 1360 963 mulieres
1374 921 1429 963 non
1454 906 1601 965 interram
1616 909 1757 977 occidisse,
1778 915 1872 973 sedvel
1961 908 1962 961 θ

262 987 305 1041 eis
318 989 441 1053 eranuit,
458 990 509 1047 ilos
522 992 659 1047 vitaeenm
678 990 815 1049 fructibus
843 994 944 1064 erupit,
975 994 1061 1050 idest
1110 994 1310 1051 turndicuotur
1323 994 1474 1055 inclinasse
1502 1017 1509 1053 :
1531 998 1604 1055 unde
1622 1016 1681 1056 mos
1701 1002 1872 1065 ecclesiasticus

263 1079 311 1149 pul
323 1080 411 1151 jacuit
432 1082 458 1137 in
485 1092 573 1139 ιιιοιιι
601 1085 751 1139 resurrexit
775 1086 803 1140 in
828 1085 925 1157 gloria.
950 1084 1059 1155 Corpus
1110 1086 1228 1141 obtinuit
1243 1096 1272 1143 ut
1287 1087 1329 1145 vel
1342 1089 1369 1145 in
1383 1090 1544 1147 memoriam
1558 1090 1870 1155 Dominlcaeresurreetio·

262 1170 329 1227 lesu
342 1182 482 1229 mortuum
502 1190 558 1230 noo
572 1176 719 1239 invenitur,
743 1176 791 1232 sed
804 1177 898 1233 rivum
922 1177 1060 1249 evangeli·
1110 1178 1164 1245 nis,
1177 1178 1220 1235 vel
1240 1178 1267 1233 in
1278 1194 1355 1249 spem
1369 1192 1482 1249 nostre,
1497 1183 1628 1239 omnibus
1642 1182 1789 1241 Dominicis
1799 1188 1872 1247 diebus

262 1271 352 1328 zatun,
368 1265 435 1335 quia
459 1266 511 1321 etsi
523 1266 701 1337 eognovimus
712 1266 862 1322 secundnm
874 1282 995 1332 carnem,
1012 1268 1060 1323 scd
1109 1280 1137 1325 et
1151 1278 1208 1326 toto
1218 1271 1447 1345 quinquagesimo
1459 1285 1592 1346 tempore,
1616 1290 1671 1330 non
1682 1274 1758 1331 lieris
1770 1280 1871 1350 genibus,

261 1353 319 1423 jann
334 1371 408 1411 nunc
423 1358 620 1425 nonnovirnus
636 1357 756 1429 (licor.
778 1359 817 1429 ι).
1110 1360 1157 1415 red
1177 1360 1349 1420 declinantes
1374 1364 1401 1419 in
1424 1373 1526 1421 terram
1549 1364 1671 1421 uultibus
1691 1380 1803 1425 eremus.
1827 1369 1871 1429 lion

303 1447 357 1502 «Et
371 1448 530 1505 factumest
544 1450 609 1505 dnm
624 1459 714 1505 mente
729 1458 912 1507 consternatae
922 1460 1015 1507 essent
1025 1450 1059 1505 do
1110 1452 1249 1509 immnerito
1271 1469 1326 1511 una
1341 1455 1385 1511 die
1413 1465 1442 1511 et
1454 1455 1564 1513 duabus
1576 1457 1705 1513 noctibus
1732 1457 1758 1513 in
1773 1461 1872 1530 sepnor

262 1541 329 1607 leto,
351 1556 414 1597 eree
436 1542 492 1598 duo
515 1542 566 1597 riri
590 1551 724 1598 steterunt
745 1543 826 1615 juxta
852 1542 914 1601 illas
939 1543 967 1599 in
983 1554 1059 1601 veste
1106 1544 1194 1613 inruit
1211 1543 1356 1613 Dominus,
1368 1547 1433 1619 quia
1450 1547 1540 1605 iucem
1554 1564 1612 1605 suae
1629 1548 1738 1618 simple
1747 1553 1830 1609 mortis
1841 1562 1873 1610 te·

260 1633 387 1705 fulgenti.
404 1653 414 1687 ι
1110 1635 1205 1692 nebris
1220 1636 1310 1710 duple
1328 1647 1430 1695 nostrae
1444 1639 1542 1695 mortis
1554 1639 1690 1709 adiunxit.
1718 1638 1775 1711 lpse
1793 1644 1871 1716 quippe

297 1725 393 1797 lngeli
407 1741 461 1782 non
473 1728 561 1785 solum
579 1727 664 1783 verbo
675 1729 723 1785 sed
736 1729 820 1784 etism
834 1728 949 1801 turgenti
957 1730 1053 1787 babitu
1108 1726 1167 1783 selo
1188 1742 1271 1784 carne
1286 1739 1403 1785 mortem
1423 1730 1556 1802 suscepit,
1581 1731 1691 1788 etduas
1715 1742 1815 1791 nostres
1826 1752 1872 1793 crr-

260 1818 376 1889 gloriam
392 1820 558 1874 annuntient
574 1820 780 1891 triumphantis.
801 1820 929 1879 liulieres
942 1825 1056 1895 angelos
1075 1800 1153 1875 nbis
1168 1828 1196 1875 el
1209 1820 1322 1891 spiritus
1336 1821 1464 1887 8115011111·

259 1911 502 1983 virlent,qmccum
513 1912 683 1968 aromatibus
697 1915 912 1985 venerunt,quia
924 1914 1057 1971 illaemen·
1144 1930 1154 1964 ι
1177 1910 1211 1967 Et
1224 1912 1279 1969 cito
1290 1920 1396 1980 euntes,
1411 1914 1494 1971 dieite
1507 1914 1652 1987 discipulis
1665 1915 1730 1986 ejus
1747 1915 1875 1985 :Duiasor-

260 2014 304 2061 tes
317 2020 452 2075 supernos
469 2005 544 2061 cives
569 2005 709 2075 aspiciunt
720 2020 782 2075 guse
804 2022 866 2063 cum
883 2010 1056 2065 aromatibus
1106 2003 1204 2059 texite
1219 2006 1347 2061 mortuis
1363 2004 1396 2061 Et
1410 2022 1474 2063 eece
1488 2008 1623 2077 pramedot
1637 2008 1727 2063 resin
1749 2007 1869 2067 Gallicam.

259 2096 295 2153 ad
308 2096 394 2153 ὓιιιιιι
409 2113 458 2169 per
470 2107 566 2155 sancta
576 2098 711 2155 desiderio
724 2100 948 2170 proiiciscuntur.
966 2101 1056 2159 llentc
1106 2093 1362 2153 lirieunrvidebiris:
1372 2112 1436 2155 cece
1446 2098 1560 2169 prediti
1571 2098 1678 2155 vobis.»
1690 2097 1872 2159 llniieribrtsdi·

259 2199 445 2247 consternato
458 2188 548 2258 eran't,
564 2192 629 2261 quia
643 2201 671 2247 et
689 2187 820 2263 magnum
836 2192 954 2263 lapidem
969 2209 1051 2249 revo-
1106 2190 1179 2245 eitnr
1194 2198 1224 2245 ut
1237 2190 1364 2246 nuntient
1375 2192 1507 2261 apostolis
1525 2191 1609 2247 vitam
1621 2196 1872 2264 resurgentemque

257 2280 348 2338 intuor
367 2284 523 2355 stupebant,
540 2296 566 2340 et
578 2299 679 2355 corpus
690 2300 744 2340 non
761 2284 901 2341 inventum
916 2285 1054 2343 dolebant.
1106 2281 1312 2353 permulierem
1325 2281 1505 2339 meminerat
1530 2283 1705 2339 annuntiata.
1734 2283 1873 2343 barcusor-

259 2372 367 2431 Dicitur
379 2384 471 2431 autem
491 2376 542 2433 lune
554 2385 763 2433 monumentum
779 2377 900 2445 Domini,
913 2378 987 2449 qnod
1001 2378 1054 2436 do·
1106 2384 1161 2430 tem
1179 2374 1246 2432 dicit
1265 2394 1272 2431 :
1305 2394 1314 2429 ι
1333 2374 1382 2442 lte,
1410 2376 1493 2433 dicite
1515 2376 1661 2447 discipulis
1682 2378 1748 2448 ejns
1769 2388 1793 2435 et
1811 2378 1873 2435 Petro

259 2482 324 2523 mus
335 2467 452 2523 rotunda
464 2466 554 2536 inerit,
568 2477 596 2524 et
607 2470 758 2525 seeundum
767 2467 924 2526 llattbaeum'
939 2480 966 2526 et
979 2470 1054 2526 liar·
1107 2466 1205 2538 (lioro.
1217 2468 1285 2539 xm).
1305 2486 1314 2523 r
1345 2466 1530 2535 Quaerendum
1545 2476 1589 2524 est
1603 2483 1654 2525 eur
1664 2467 1766 2525 Petrus
1774 2468 1875 2541 teigne

257 2577 322 2616 enm
337 2562 371 2615 de
383 2560 544 2632 subjacente
557 2563 733 2631 petraexeisa
749 2572 831 2619 tante
844 2563 1008 2631 altitudinis,
1023 2574 1054 2621 ut
1105 2566 1151 2617 tur
1170 2576 1203 2616 er
1220 2560 1341 2617 nomine.
1365 2559 1395 2617 st
1413 2561 1486 2617 eninr
1508 2561 1586 2617 bunc
1599 2561 1714 2631 angelus
1730 2562 1873 2617 nominatum

256 2654 335 2709 intus
348 2654 504 2709 consistens
529 2654 612 2709 bomo
633 2655 679 2709 vix
694 2670 778 2710 mann
807 2664 917 2711 extenta
943 2658 1053 2714 eulmen
1105 2666 1160 2707 nun
1174 2652 1350 2723 exprimeret,
1365 2652 1430 2723 quia
1445 2650 1607 2723 Magistrum
1623 2660 1782 2722 negaverat,
1800 2652 1872 2709 renire

256 2754 352 2816 posset
367 2746 510 2817 attingere.
539 2746 606 2813 Quae
630 2747 713 2803 babet
733 2747 875 2804 introitum
896 2749 932 2805 ab
947 2749 1053 2808 oriente
1103 2742 1176 2799 inter
1189 2743 1341 2815 discipulos
1359 2759 1413 2799 nou
1433 2744 1559 2801 auderet.
1573 2742 1697 2799 Vocatur
1714 2758 1780 2815 ergo
1797 2758 1873 2799 erno·

257 2840 305 2893 eui
324 2838 394 2908 lapis
409 2838 454 2895 ille
468 2854 586 2910 magnus
610 2839 757 2910 impositus
777 2839 874 2897 est.1n
896 2843 976 2913 eujus
992 2858 1052 2899 rno-
1104 2836 1177 2893 mine
1189 2836 1298 2906 Petrus,
1314 2854 1349 2894 ne
1364 2838 1492 2908 desperet
1512 2853 1546 2893 ex
1557 2837 1714 2909 negatione.
1746 2836 1799 2903 Qua
1818 2836 1874 2891 inre

256 2933 381 2989 ”umenti
399 2940 477 3003 parte
488 2932 642 3003 aquilonari
660 2934 818 3005 sepulcrum
831 2936 931 3005 ipsum,
946 2938 999 2992 boo
1010 2946 1053 2993 ess
1104 2929 1183 2987 nobis
1196 2929 1427 2987 considerandum
1450 2938 1492 2987 est
1505 2945 1555 2987 cur
1576 2927 1712 2985 Dominus
1728 2944 1797 2989 eum.
1810 2942 1873 2998 guen

254 3022 337 3080 locus
359 3024 497 3080 Dominiei
519 3025 657 3095 eorporis,
679 3026 714 3081 de
732 3027 828 3082 eadem
850 3036 927 3098 petra
947 3028 1049 3085 iactum
1103 3030 1209 3079 cunclae
1229 3020 1359 3079 Ecclesiae
1374 3018 1503 3093 praelerre
1524 3020 1711 3091 disposuerat,
1736 3019 1875 3075 aneillcrn

256 3126 312 3183 est,
334 3125 438 3187 septem
454 3116 560 3173 babens
572 3118 655 3189 pedes
668 3119 860 3191 longitudinis,
887 3120 971 3177 trium
984 3138 1087 3208 verne
1103 3129 1162 3170 cem
1188 3113 1384 3184 pertimescere
1407 3113 1543 3183 permisit.
1573 3111 1654 3180 Quod
1681 3121 1772 3169 actum
1788 3125 1875 3183 magna

256 3207 414 3277 palmorum
432 3223 562 3265 mensure
576 3218 676 3266 esetere
699 3212 856 3281 pavimento
878 3213 961 3269 altius
981 3214 1052 3271 erni·
1103 3206 1212 3277 Distulit
1225 3205 1432 3277 diSDODStllfflle
1445 3206 1655 3277 111811011ῑ111118,
1674 3204 1792 3277 utisqpi
1810 3216 1874 3259 111111·

256 3315 339 3357 nens.
357 3299 410 3367 Qui
425 3300 552 3357 videlieet
566 3302 644 3360 locus
660 3319 715 3359 non
736 3302 865 3376 desuper,
879 3305 1052 3363 sedatorem
1104 3312 1166 3351 rurus
1181 3306 1240 3353 erat
1253 3306 1348 3367 paster
1362 3293 1474 3351 iuturus
1492 3294 1621 3353 Ecclesiae
1645 3297 1672 3351 in
1689 3312 1739 3353 sua
1758 3297 1826 3365 eulpa
1839 3292 1875 3347 di·

255 3390 421 3457 meridiano,
433 3408 482 3462 per
497 3402 584 3449 rorum
608 3396 718 3465 parolus
731 3406 784 3465 esu,
803 3397 875 3455 unde
890 3413 993 3469 corpus
1005 3399 1051 3455 in.
1103 3398 1191 3446 sceret
1213 3390 1333 3461 qualiter
1348 3390 1410 3445 aliis
1428 3388 1553 3446 misereri
1579 3388 1730 3445 debuisset.
1748 3384 1817 3441 Prius
1828 3386 1873 3439 ira-

254 3482 407 3538 ferebatnr.
423 3482 747 3558 Colorantemejusdem
765 3491 935 3547 monumenti
951 3507 984 3547 ae
1008 3492 1050 3545 lo·
1102 3498 1156 3555 (1¹¹0
1167 3498 1229 3539 enm
1249 3482 1370 3539 111111111ῑ1
1384 3482 1447 3549 Sibis
1477 3493 1504 3538 et
1528 3492 1594 3539 111111
1617 3479 1876 3554 Ρ12Ρ11111ῑ1111111ῑ1ι

256 3574 324 3640 cuti,
343 3576 497 3633 rrrbteunuo
509 3588 536 3633 er
550 3579 613 3635 albo
627 3576 727 3637 dicitnr
741 3596 804 3639 esse
817 3584 966 3653 permistos
979 3602 985 3638 :
999 3584 1052 3640 troo
1102 3587 1178 3633 utcx
1192 3592 1241 3633 sua
1264 3576 1424 3633 tourmttme
1447 3584 1610 3647 agnoscerer
1633 3590 1718 3646 quan
1741 3572 1878 3631 nrisertcor

255 3668 351 3738 itaqne
366 3684 469 3725 novum
484 3672 641 3741 sepulcrum
655 3672 775 3741 Domini,
790 3674 1051 3745 potestllaritevir·
1101 3671 1173 3727 diter
1201 3670 1290 3725 aliena
1328 3668 1437 3725 intlrma
1481 3669 1622 3723 toleraret.
1660 3667 1771 3723 Galiima
1800 3672 1877 3719 auten

256 3759 374 3829 ginalcrn
390 3770 497 3817 uterum
518 3763 723 3833 demonstrare,
751 3781 904 3837 saxumque
919 3782 1049 3839 magnum
1103 3762 1303 3833 transmigratio
1315 3760 1387 3832 [acta
1401 3760 1605 3831 interpretator.
1618 3758 1719 3829 Etiam
1733 3758 1877 3825 litttlffllwf
1963 3754 1964 3807 Ῐ

256 3850 330 3906 ostio
344 3853 500 3923 appositum
513 3856 658 3911 ostendere
669 3872 725 3911 nen
739 3857 844 3927 absquo
858 3858 962 3912 anxilio
985 3858 1050 3928 plu·
1103 3870 1117 3909 a
1133 3856 1262 3925 passione
1279 3854 1313 3909 ed
1324 3852 1568 3919 resurrectionem,
1586 3868 1601 3906 a
1616 3861 1707 3907 morte
1717 3851 1751 3907 ad
1766 3850 1879 3911 vitame

255 3944 925 4023 rimorumscpnlcrorumpetuissereserarelarc).
935 3948 1049 4007 Sicutin
1102 3962 1182 4019 poerra
1195 3947 1228 4001 ad
1239 3946 1366 4017 glorimn,
1385 3960 1401 3999 a
1415 3943 1591 4015 corruptione
1611 3943 1646 3998 ad
1660 3940 1878 4011 incorruptionem

255 4032 349 4091 llarire
364 4046 443 4094 utero
458 4054 539 4095 nomo
550 4048 614 4095 ante
624 4040 804 4108 illum,nen10
817 4049 880 4111 post
895 4040 971 4095 illum
983 4056 1050 4097 con·
1103 4038 1357 4111 transmigraverat.
1385 4036 1452 4093 Post
1466 4036 1698 4095 resurrectionem
1715 4034 1744 4089 in
1758 4032 1881 4089 Galilaeae

255 4136 353 4199 ceptus
364 4140 424 4192 est:
437 4131 473 4186 ita
487 4131 513 4185 in
531 4133 583 4188 lroc
596 4144 775 4188 monumento
790 4146 871 4188 neme
884 4143 957 4199 ante,
967 4147 1050 4188 nonno
1101 4132 1244 4204 discipulis
1256 4131 1390 4187 Dominus
1401 4132 1520 4197 videtur,
1534 4129 1600 4201 guia
1613 4122 1882 4191 resurrectionisojm

255 4228 320 4291 post
330 4222 454 4292 sepultus
468 4232 519 4279 est.
537 4222 684 4280 Sciendum
696 4239 808 4295 quoque
824 4225 897 4296 quod
915 4225 988 4281 sieut
997 4242 1049 4280 an·
1102 4226 1217 4297 gloriam
1230 4232 1292 4295 post
1306 4224 1359 4279 laeti
1370 4223 1535 4291 ridebimus,
1549 4223 1573 4279 si
1588 4222 1672 4279 modo
1683 4220 1787 4277 avitiis
1796 4218 1829 4274 ad
1839 4215 1884 4269 vir·

255 4314 309 4383 geli
321 4313 448 4387 leguntur
463 4317 585 4372 astitisse
602 4316 730 4387 sepulcro
752 4314 918 4383 salvatoris,
939 4316 976 4372 ita
989 4332 1050 4373 crc-
1101 4325 1191 4373 tntum
1205 4316 1395 4373 celsitudinem
1407 4316 1635 4387 transruigremus
1650 4332 1656 4367 ε
1673 4314 1718 4369 vel
1738 4316 1777 4369 ita
1794 4330 1802 4367 :
1824 4308 1884 4365 ne

255 4404 339 4461 dendi
350 4414 415 4461 sunt
427 4406 548 4461 astitisse
566 4406 704 4477 mysteriis
714 4406 839 4476 corporis
849 4406 959 4462 Domini
981 4418 1051 4461 tem·
1102 4411 1175 4468 ceolis
1189 4425 1237 4467 eos
1250 4412 1278 4465 in
1292 4409 1443 4477 Gallinam,
1464 4410 1517 4465 lroo
1533 4418 1575 4465 est
1589 4409 1617 4463 in
1640 4408 1819 4463 volutabrum
1830 4417 1886 4475 gett-

251 4510 323 4568 pore
333 4499 559 4555 consecrationis.
577 4496 655 4554 Unde
678 4498 826 4570 Apostolos
848 4508 941 4555 monet
954 4500 1049 4557 mulie·
1064 4492 1086 4547 D
1101 4504 1181 4570 tium,
1194 4503 1242 4559 ubi
1255 4511 1406 4559 anteerror
1416 4512 1475 4559 ernt
1485 4513 1513 4558 et
1528 4500 1676 4567 lubricum,
1697 4508 1727 4557 et
1739 4500 1821 4555 firmo
1831 4494 1887 4567 pede

254 4590 340 4647 resin
356 4591 474 4647 eeclesia
485 4590 568 4647 velari
580 4600 691 4662 propter
705 4592 818 4664 angelos
829 4591 856 4664 (l
869 4592 934 4649 Cor.
951 4594 1001 4663 ιι).
1101 4597 1247 4668 vestigium
1265 4612 1319 4652 non
1332 4597 1479 4667 ponebant.
1495 4594 1631 4651 Praeterea
1642 4593 1763 4649 videnda
1780 4588 1889 4648 suntd-

293 4680 380 4737 rCnm
391 4682 617 4737 timerentautem
627 4690 654 4738 et
662 4682 831 4739 declinarent
842 4682 945 4739 ruitum
957 4684 984 4739 in
994 4691 1050 4739 ter·
1101 4698 1143 4746 oro
1158 4688 1317 4762 Hieronymi
1334 4696 1429 4745 eontra
1441 4686 1593 4745 llelridium
1604 4702 1636 4743 es
1651 4686 1821 4743 testimoniis
1831 4696 1891 4753 ιιι·

253 4786 326 4840 ram,
339 4773 469 4829 dixerunt
482 4773 515 4828 ad
528 4773 605 4829 illas:
622 4774 970 4844 Quidquaeritisvivsntem
985 4791 1049 4831 cnm
1102 4790 1164 4837 tuor
1183 4782 1426 4853 evangelistarum,
1445 4779 1479 4836 de
1502 4780 1591 4835 tribus
1606 4779 1755 4835 sororibus
1780 4776 1891 4833 tiliarum

253 4864 396 4919 rnortnisi
418 4862 478 4921 Non
493 4874 537 4921 cst
560 4865 617 4929 bic.
635 4866 683 4923 scd
709 4867 840 4921 surrexit.
856 4866 1050 4923 Recordamini
1100 4871 1188 4928 donae
1200 4873 1297 4929 matris
1310 4873 1396 4929 beate
1410 4871 1512 4929 linrice.
1526 4870 1626 4926 Sancta
1643 4868 1730 4925 bieria
1744 4877 1834 4923 mater
1844 4864 1891 4917 Do·

253 4956 373 5026 ‹pualiter
383 4957 492 5013 loeutus
506 4958 646 5025 estrobis,
656 4974 719 5015 cum
735 4959 825 5014 adbuc
836 4959 864 5013 in
879 4958 991 5015 Galilaea
1005 4976 1050 5016 es·
1101 4966 1169 5020 mini
1191 4974 1218 5021 et
1234 4964 1319 5019 llaria
1334 4972 1423 5019 mater
1439 4961 1546 5029 iacobi,
1576 4962 1683 5031 Alplrmi
1698 4970 1726 5017 et
1739 4958 1858 5031 loseph,
1871 4962 1894 5010 et

253 5059 306 5117 set,
319 5050 415 5105 diceris
432 5049 521 5117 :Quia
550 5060 658 5121 oportet
681 5050 780 5105 Filium
793 5051 914 5107 bominis
928 5052 998 5107 tradi
1021 5054 1048 5107 in
1100 5058 1184 5113 llario
1203 5066 1290 5113 nsoter
1309 5058 1428 5113 tiliorum
1443 5054 1566 5112 Zebedsei
1582 5054 1682 5125 (liure.
1698 5054 1769 5125 ιιι),
1796 5050 1894 5107 scilieet

251 5158 355 5199 manns
376 5142 518 5198 bominum
530 5152 717 5213 peccatorum,
735 5153 762 5199 et
775 5144 910 5215 cruciligi,
925 5153 953 5199 et
968 5145 1048 5201 tertia
1100 5148 1212 5221 llajoris
1224 5148 1329 5213 iacobi,
1345 5160 1372 5207 et
1383 5149 1516 5207 lobannis
1527 5150 1773 5219 eravrgelistaetres
1790 5156 1897 5202 sorores

252 5238 298 5295 die
313 5252 467 5304 resurgere.
483 5258 493 5290 r
510 5238 681 5308 impossibile
695 5253 750 5294 non
765 5238 822 5293 tieri
843 5238 918 5309 qnod
931 5239 1000 5295 dixit
1021 5248 1049 5295 et
1100 5239 1222 5297 luerunt.
1258 5239 1344 5297 blavia
1372 5250 1461 5297 mater
1486 5240 1607 5305 Domini,
1639 5239 1694 5295 lilia
1719 5237 1852 5293 leaelrim
1872 5242 1896 5287 et

253 5340 363 5389 constat
384 5347 449 5390 eum
465 5332 537 5387 inter
551 5330 703 5402 discipulos
719 5339 747 5385 et
772 5306 890 5387 leoninas
904 5348 967 5403 quae
981 5347 1046 5387 eurn
1099 5334 1185 5391 Annae
1197 5334 1264 5401 tuit,
1292 5342 1320 5391 et
1332 5334 1467 5405 lileopbas
1482 5332 1567 5389 irater·
1580 5332 1681 5403 loseph
1698 5330 1832 5388 eamdem
1848 5328 1897 5381 bn·

252 5426 450 5496 sequebantur,
471 5424 606 5480 Dominus
619 5439 649 5480 se
672 5432 893 5481 resurrecturum
908 5424 1044 5495 praedixit.
1099 5442 1162 5483 narn
1175 5427 1280 5497 aceepit
1291 5442 1415 5493 risorem,
1436 5424 1567 5482 defuncto
1586 5422 1722 5489 leaebirn,
1735 5430 1768 5477 et
1782 5432 1896 5493 genera·

252 5519 344 5586 Quare
363 5534 429 5591 ergo
458 5519 515 5590 iarn
532 5518 724 5574 resuscitatum
745 5526 873 5588 querunt
896 5532 959 5574 enm
973 5532 1048 5571 mor·
1098 5520 1184 5577 vitex
1200 5536 1231 5577 ea
1253 5520 1338 5576 liliam
1363 5534 1447 5591 qrrarn
1473 5516 1721 5575 vocavitllariarn.
1746 5512 1836 5570 lianc
1851 5508 1899 5565 lta·

243 5610 322 5675 ιιι,
339 5612 420 5667 idest
441 5612 469 5667 in
495 5619 689 5677 rrrrrnumento,
711 5608 850 5680 quilocus
864 5596 1047 5679 propriusest
1098 5612 1167 5667 riam
1183 5610 1320 5682 Cleoplras
1346 5620 1373 5667 et
1392 5608 1471 5665 Anna
1493 5610 1627 5665 dederunt
1638 5608 1762 5673 cuidam,
1795 5604 1900 5675 Alplreo

253 5712 435 5760 mortuorum.
464 5700 521 5758 Nos
541 5702 667 5773 exemplo
686 5699 850 5756 leoninarum
868 5700 977 5770 quoties
997 5714 1044 5755 ee·
1092 5701 1226 5756 nomine:
1246 5700 1318 5757 urrde
1334 5700 1378 5757 ille
1392 5698 1482 5755 lllnor
1499 5697 1618 5755 iambus
1633 5709 1659 5754 et
1677 5698 1765 5754 irnter
1788 5692 1900 5753 Domini

256 5794 368 5851 elesiom
388 5796 533 5853 intramus.
554 5795 704 5851 cumomni
716 5794 869 5850 irrrnrilitnte
880 5794 984 5865 ingredi
998 5793 1047 5851 de-
1098 5792 1199 5859 dietus,
1216 5801 1296 5850 iratus
1310 5790 1370 5859 luit,
1380 5801 1406 5849 et
1418 5791 1518 5849 <licitur
1528 5788 1765 5861 tocobosntpnaet
1783 5798 1900 5860 spatae·
