4017 6342
140 356 185 411 tal
724 339 863 399 b'ollllh
883 340 1076 399 ttlsTOtha
1678 351 1730 407 aas

140 462 244 526 paratibus
258 455 288 510 de
300 452 327 507 S.
346 451 440 506 matris
464 450 591 505 Ecclesiae
603 450 725 521 proiectu
754 454 894 525 gaudenti·
908 459 934 516 Α
947 470 1019 511 mam
1028 456 1157 528 misitque
1170 473 1265 531 papam
1277 475 1307 517 ea
1323 460 1355 516 d'e
1367 476 1395 517 re
1403 461 1573 519 uunsrrlercnt
1582 478 1587 513 :
1597 472 1733 517 annuente

141 558 182 611 pas
195 569 203 602 r
216 555 260 603 etc.
282 540 343 594 licie
360 539 429 608 infru
440 538 502 593 inter
516 539 637 609 epistolar
651 539 781 611 lingona.
797 540 852 597 Nec
866 542 892 597 id
944 544 1078 617 Pascbali,
1090 554 1092 561 '
1104 551 1325 623 legationemque·
1343 556 1498 625 apostolicae
1526 555 1599 611 sedis
1617 556 1644 609 in
1666 554 1732 613 Asia

141 646 219 704 nluoa,
241 635 282 690 sed
307 629 521 686 etsulitariurum
546 630 766 687 cisterciensium
791 637 894 689 sancti·
944 639 1085 710 offerente,
1109 642 1162 699 iter
1180 659 1324 717 aggressus
1343 647 1456 703 hamam
1476 647 1639 717 pellitamiu
1653 648 1731 710 ttttt.

139 734 236 790 uraniam
247 724 436 783 conmendavit
449 721 537 778 Odoni
549 724 712 795 burgundiae
722 726 795 792 draci,
809 742 823 780 a
839 742 893 797 quo
945 731 990 787 ubi
1008 734 1235 807 auctoritateque
1249 737 1400 808 plurimum
1410 740 1517 797 valebat
1541 741 1568 795 in
1592 742 1666 797 catria
1680 740 1735 795 tta-

138 825 232 891 pturiaaa
254 821 418 882 acceperunt.
446 813 552 869 laalerea
573 814 687 871 Rarum
712 816 824 885 proiecti
837 816 894 872 llo·
945 838 1035 892 mana,
1049 822 1219 897 Norgaudum
1237 828 1338 883 absolvi
1353 831 1459 885 curavit
1471 831 1521 903 (5).

136 916 266 970 timreases,
285 906 408 959 abbatem
430 919 508 960 suurn
526 906 552 959 in
570 907 687 963 concilio
710 906 833 965 hlolismo
849 924 893 965 re·
979 915 1078 983 lintea,
1098 932 1169 973 annu
1181 917 1287 975 scilicet
1301 918 1387 988 ttttb,
1406 938 1503 979 noram
1518 921 1643 979 cistercia
1653 938 1733 995 pan·

135 1004 196 1061 stilari
217 1000 326 1055 ratarimo
348 999 496 1068 deposcunt
510 999 620 1055 ardore.
641 1000 739 1057 Eorum
753 1002 895 1072 questibus
946 1006 1078 1061 tationem
1091 1022 1199 1079 semper
1209 1008 1315 1075 laveras,
1330 1008 1426 1066 losum
1441 1012 1606 1070 etlldchudo
1619 1011 1734 1071 Rumam

133 1103 263 1149 tarrarautas
288 1088 410 1144 Urbanus
439 1089 534 1143 scribit
560 1090 675 1161 linguai,
710 1092 752 1147 bis
778 1093 893 1149 serbis:
945 1098 981 1152 ab
997 1097 1123 1153 hiberico
1147 1098 1246 1166 missis,
1272 1102 1508 1158 commendatitias
1522 1104 1554 1159 ad
1569 1104 1729 1163 Pascbalern

135 1179 397 1249 ‹coacti,dilectiuni
410 1187 521 1249 tuaeper
540 1182 683 1250 praesentia
698 1182 800 1255 scripta
819 1198 896 1239 man·
945 1201 1045 1257 papam
1060 1186 1165 1243 litteras
1181 1188 1267 1257 dedit,
1296 1191 1322 1247 in
1351 1192 1468 1261 quibus:
1489 1194 1734 1269 rSelatisainquit,

133 1279 222 1339 damus,
237 1271 415 1343 significantes
439 1279 545 1341 gratum
570 1272 650 1328 nobis
670 1273 797 1339 existere,
816 1282 856 1339 ιιι,
871 1274 895 1329 si
945 1292 992 1335 ens
1007 1280 1115 1336 essede
1129 1283 1244 1351 qaudam
1262 1282 1322 1339 lucc
1345 1285 1392 1354 oni
1415 1284 1518 1341 liorarnr
1544 1286 1735 1347 llunasterium

132 1368 179 1423 heri
191 1365 279 1436 possit,
296 1364 379 1421 abbas
400 1364 446 1421 ille
473 1365 508 1420 ab
535 1380 628 1421 eremo
649 1366 683 1421 ad
701 1370 895 1424 monasterinm
946 1378 1061 1427 rocatttr
1089 1370 1141 1442 (sic
1154 1382 1217 1429 tune
1227 1372 1388 1430 cistercium
1402 1375 1595 1449 appellabant),
1612 1378 1647 1433 ad
1658 1394 1737 1449 quem

133 1460 265 1515 retineatur.
276 1454 350 1523 Qaaod
361 1455 385 1510 si
399 1456 511 1525 impiere
528 1458 693 1528 raequircris,
704 1474 779 1514 curae
795 1458 842 1513 tihi
861 1456 897 1514 sit
946 1460 1153 1520 dellulismensi
1169 1464 1283 1521 ecclesia
1303 1480 1364 1521 cum
1389 1467 1489 1523 abbate
1506 1480 1556 1523 suu
1577 1478 1707 1525 exeuntes
1726 1491 1736 1523 ι

132 1561 186 1605 uret
197 1550 238 1619 qui
252 1562 371 1603 eremum
394 1546 515 1603 incolant
538 1550 743 1618 conquiescant,
758 1557 787 1605 et
798 1552 844 1620 oui
868 1554 895 1606 in
945 1563 1012 1622 etc,
1025 1554 1169 1625 lideiasra
1180 1557 1248 1611 inter
1259 1557 1397 1628 epirailec
1409 1557 1740 1633 effectucaruitarcbiepi·

132 1644 238 1699 cornubia
253 1650 314 1696 suan
338 1640 505 1712 regularibus
529 1640 680 1712 disciplinis
705 1643 894 1700 inserviant.»
947 1647 1022 1719 scopi
1035 1648 1192 1718 postulatio,
1208 1665 1270 1706 cum
1296 1651 1437 1725 privilegiu
1462 1650 1542 1709 hom.
1558 1652 1739 1723 pontificisad

130 1736 238 1804 acceptis
262 1734 303 1788 his
318 1731 414 1788 litteris
437 1732 583 1789 concilium
608 1737 697 1807 coegit
710 1735 798 1807 tlago,
819 1737 897 1805 cnjtrs
947 1752 1012 1793 suus
1025 1739 1127 1796 reversi
1143 1751 1208 1797 stant
1220 1758 1296 1798 norae
1310 1741 1512 1801 reformationis
1526 1744 1638 1800 alumni.

130 1842 197 1881 suasa
207 1826 291 1895 jana,
303 1824 366 1880 licet
380 1826 491 1893 inritus,
502 1826 653 1883 llolismurn
673 1827 778 1898 regredi
792 1829 897 1885 llober-
914 1808 935 1866 Β
985 1830 1048 1887 lilla
1061 1832 1208 1890 cardinalis
1218 1844 1246 1889 et
1259 1834 1440 1893 Praenestinus
1453 1836 1607 1909 episcopos,
1629 1837 1656 1892 in
1676 1836 1741 1893 cal·

130 1929 176 1974 tum
189 1928 215 1976 ct
233 1918 265 1974 de
274 1918 370 1990 synodi
396 1918 506 1975 decreto
528 1918 727 1991 Lingonensern
747 1921 897 1977 antistitem
948 1928 1036 1983 liama
1050 1926 1173 1983 Paschali
1185 1927 1295 1995 missus,
1306 1939 1469 1985 conventum
1483 1929 1658 2000 habuitapud
1669 1930 1740 1986 llas·

128 2013 216 2067 monuit
225 2020 254 2066 ut
269 2010 334 2068 illud
343 2011 513 2067 exsecutioni
528 2012 684 2069 demandari
698 2023 816 2069 curaret.
949 2015 1037 2071 silium
1065 2016 1162 2085 inqrro
1180 2015 1243 2087 jura
1272 2024 1300 2069 et
1330 2015 1491 2072 immunitas
1520 2014 1742 2073 cluniacensium·

156 2102 223 2155 harno
236 2102 328 2156 eodem
356 2100 425 2157 abab
436 2101 581 2157 concilium
604 2104 771 2173 provinciale
797 2104 896 2161 indixit
949 2108 1189 2165 cunilrmatasunt.
1201 2106 1268 2162 Acta
1287 2116 1352 2162 sunt
1363 2106 1420 2163 hac
1433 2105 1504 2178 apud
1520 2106 1653 2163 Massiliae
1667 2122 1741 2163 annu

37 2177 38 2227 ἶ
128 2195 185 2261 apud
196 2194 296 2249 Petram
311 2193 426 2251 incisam
441 2235 451 2261 ,
466 2204 494 2249 et
508 2194 690 2251 llaimbertum
713 2195 898 2253 Sunonensem
949 2198 1030 2261 1105,
1043 2196 1302 2267 prasentellerardo
1313 2196 1503 2255 llatisconeosi
1518 2198 1653 2271 episcopo,
1668 2215 1678 2249 ι
1692 2198 1739 2267 qni

127 2288 153 2341 ad
166 2287 222 2342 illud
233 2288 370 2355 barbarie
381 2289 453 2359 gatoti
467 2304 529 2344 cum
543 2288 618 2346 lruni
638 2290 779 2347 rideretur
801 2300 900 2349 contra
950 2298 1086 2345 lanceam
1104 2289 1259 2360 episcopatu
1278 2302 1327 2345 suo
1341 2288 1529 2363 Lugdunensis
1544 2289 1739 2362 archiepiscopi

127 2380 170 2449 jus,
183 2380 313 2436 muniones
325 2380 361 2435 ad
378 2380 451 2435 illdm
467 2381 577 2452 scripsit
588 2382 729 2455 epistolas,
744 2384 770 2437 ln
782 2400 897 2454 quarum
949 2379 1041 2434 domni
1070 2376 1191 2450 hugonis
1205 2378 1279 2435 uices
1302 2378 1410 2449 agebat.
1429 2401 1438 2433 a
1458 2379 1624 2437 circuirem
1634 2388 1741 2450 tempus

126 2487 171 2525 uua
183 2488 230 2527 ooo
242 2472 266 2527 id
277 2474 413 2527 duntaxat
427 2474 534 2543 arguit,
545 2474 593 2530 sed
611 2482 712 2531 etcum
733 2489 847 2546 carpere
858 2476 899 2532 ri·
948 2471 1022 2543 Bega
1034 2471 1119 2527 abbas
1132 2470 1291 2529 conchense
1305 2473 1375 2542 apud
1390 2472 1532 2531 hartlaenus
1547 2474 1741 2529 monasterium

126 2565 204 2628 detur,
219 2565 283 2635 quud
298 2564 409 2621 facilior
425 2575 499 2621 esset
519 2566 547 2620 in
560 2566 898 2632 excommunicationibus.
949 2565 1070 2637 regebat,
1096 2566 1138 2621 cari
1153 2564 1229 2637 ilugu
1243 2574 1336 2621 noster
1357 2565 1489 2623 ecclesias
1501 2565 1531 2622 S.
1556 2565 1632 2622 Fidei
1647 2564 1743 2621 deca·

125 2654 310 2727 interdictisque
337 2658 527 2722 decernendis,
545 2658 619 2715 nullu
643 2660 695 2727 sui,
711 2660 897 2717 multoautem
949 2660 1066 2725 stellcto,
1080 2667 1108 2714 et
1128 2658 1157 2715 S.
1182 2658 1303 2715 Victoris
1327 2660 1360 2715 ad
1381 2660 1493 2715 ssaviam
1519 2660 1624 2729 Ligeris
1639 2658 1743 2730 positas

125 2748 224 2802 aliomm
245 2750 379 2816 periculo.
399 2749 478 2807 cirea
493 2751 546 2807 hoc
561 2761 669 2823 tempus
692 2753 832 2809 Pascbalis
848 2752 899 2808 lir-
950 2751 1000 2807 suh
1014 2764 1104 2807 annuo
1116 2762 1198 2804 censu
1208 2748 1604 2805 concentufflaartamerhtbat
1616 2748 1741 2812 delium,

124 2838 184 2893 bano
206 2840 341 2910 salicetus,
364 2857 468 2898 murem
490 2844 663 2899 decessorum
688 2858 798 2899 strurrrm
824 2845 899 2898 dese·
949 2858 1011 2915 pag.
1022 2842 1084 2899 198.
1111 2842 1298 2899 cuntramnus
1307 2842 1475 2899 rexdedcrat
1490 2842 1614 2899 coeouhiu
1627 2842 1658 2898 S.
1673 2841 1743 2897 llar-

125 2944 185 2991 rcns.
197 2934 266 2989 vices
277 2950 344 2990 suas
359 2933 388 2989 in
407 2933 512 2997 Galliis,
524 2949 576 2990 non
592 2933 707 3005 linguai,
720 2934 800 2990 aliive
821 2933 899 2989 callo
951 2937 1011 2992 celii
1025 2936 1211 2993 Cabilaneusis
1237 2935 1391 2993 Floriacum
1411 2935 1500 2991 uillam
1515 2936 1542 2990 in
1564 2948 1634 3006 pago
1652 2934 1743 3001 hiric·

123 3025 252 3092 suntabsit,
262 3036 291 3081 ut
303 3028 342 3082 illi
358 3028 495 3092 lecerunt,
510 3028 557 3083 sed
567 3026 669 3097 legatos
682 3026 755 3081 misit
766 3042 800 3081 rx
810 3025 898 3091 ltalia,
950 3030 1040 3096 nensi,
1056 3029 1100 3085 ubi
1116 3038 1211 3100 postea
1232 3028 1299 3085 celia
1322 3028 1515 3085 monacharum
1529 3038 1619 3084 erecta
1633 3040 1692 3094 est;
1711 3028 1744 3081 il·

123 3130 222 3183 qaorum
245 3117 476 3174 immoderatione
499 3116 604 3188 fatigati
639 3125 797 3181 nostrates,
824 3116 899 3184 ipsos
951 3118 1003 3173 lius
1016 3134 1109 3175 sersus
1124 3128 1218 3175 cantra
1242 3117 1290 3187 jas
1303 3116 1366 3174 Otto
1380 3120 1540 3189 burgundie
1555 3120 1608 3174 drrx
1624 3132 1742 3187 usurpa-

122 3206 320 3275 agretnlerunt.
340 3208 412 3263 llinc
439 3206 485 3264 lan
509 3206 694 3269 Carnotcnsis,
710 3220 761 3260 sno
785 3205 900 3276 collega·
953 3220 1004 3278 rat,
1020 3220 1047 3266 ct
1063 3210 1197 3266 retinebat
1219 3208 1295 3280 lingo
1317 3211 1402 3281 ipsius
1426 3210 1505 3274 salius,
1535 3210 1621 3265 donec
1644 3210 1743 3280 prioris

123 3309 222 3365 urntnne
235 3299 347 3354 nonaine
368 3314 464 3368 popam
488 3299 592 3368 rogarit
611 3307 641 3352 ut
656 3298 736 3352 alicui
760 3296 901 3367 cisalpino
951 3300 982 3356 S.
996 3299 1113 3355 hareettt
1129 3298 1245 3369 dignitas
1255 3297 1364 3355 devenit
1380 3318 1388 3350 r
1405 3300 1439 3353 ad
1454 3299 1582 3355 dornrntm
1604 3296 1745 3369 ilugonent

122 3384 267 3455 legationem
295 3390 465 3462 injungerem
494 3389 564 3444 acui
587 3389 774 3456 sollicitudini,
800 3389 898 3459 inquit,

121 3481 209 3536 nullum
220 3471 492 3555 cognorimusmagis
504 3484 630 3539 idoneum
642 3498 722 3553 quam
734 3482 765 3537 b.
777 3483 899 3554 Lagaina.

119 3574 344 3647 arehiepiscopum
357 3576 403 3645 qui
418 3585 447 3629 et
459 3575 486 3629 in
510 3575 606 3631 eodem
624 3572 713 3630 allicio
724 3574 836 3642 jamdiu
850 3574 901 3628 mi·

119 3668 239 3730 nistrarit,
250 3679 279 3724 et
291 3678 327 3724 ut
344 3668 535 3739 experimento
547 3668 725 3737 cognorimus
738 3675 791 3721 tam
803 3667 903 3721 [loma-

120 3772 154 3812 ιιι»
166 3758 286 3817 Ecclesiae
297 3776 387 3831 qnam
393 3758 578 3829 Transalpinis
590 3756 750 3813 mirabiliter
760 3756 868 3827 prolusit.
890 3776 899 3809 ι

122 3852 190 3907 Stetit
204 3856 388 3911 nibilominus
403 3855 430 3909 in
454 3855 593 3924 proposito
606 3851 761 3912 Pascitalis,
777 3852 903 3921 misitque

119 3940 209 4013 legatos
229 3944 370 4003 loannem
385 3954 412 4000 et
431 3944 616 4009 Brraedictum,
632 3943 678 4013 quai
693 3942 837 3999 concilium
859 3943 901 3998 in-

119 4036 199 4094 dixere
207 4037 402 4112 hugustodnoi
417 4046 444 4093 et
459 4036 578 4092 habuere
593 4035 722 4092 Valentia
737 4050 808 4090 anno
822 4036 902 4100 libb,

119 4128 201 4186 attat
211 4131 323 4188 Octobr.
346 4132 386 4186 hal
399 4130 462 4185 illud
474 4129 623 4184 invitarunt
637 4128 788 4198 liugooem,
798 4128 844 4199 qtri
866 4136 905 4182 la·

119 4236 235 4279 mennon
249 4222 454 4293 accessit,qnia
470 4219 761 4290 infirmabatur,inquit
775 4217 903 4275 chronic.

121 4310 231 4380 ttrdarn,
253 4317 303 4372 secl
333 4314 409 4369 misit
434 4314 626 4384 legatossucs‚
641 4312 706 4380 quin
727 4326 779 4368 uteo
792 4312 904 4367 adiuero

118 4404 167 4472 ejus
178 4408 344 4480 suffraganei
354 4406 532 4475 Lingonensis
542 4415 571 4460 et
583 4403 781 4460 cabillonensis
793 4405 902 4471 episco-

952 3390 1135 3447 renerandam
1149 3389 1355 3460 burgalanensem
1369 3388 1614 3459 arcinepiscopuna,
1624 3386 1744 3458 llargoais

952 3490 1109 3553 crapulam.»
1135 3480 1186 3548 Qui
1212 3479 1358 3551 aliquando
1374 3479 1400 3533 iu
1416 3493 1448 3533 aa
1468 3478 1528 3533 vilia
1541 3478 1635 3533 siricam
1648 3476 1743 3546 hospi·

953 3575 990 3629 tio
1002 3574 1119 3644 excepit,
1134 3582 1162 3627 ct
1176 3572 1278 3642 rogavit
1294 3579 1323 3626 ut
1339 3586 1399 3625 cam
1413 3586 1427 3623 a
1441 3569 1486 3623 tali
1499 3568 1630 3624 servitute
1645 3567 1742 3622 libera-

953 3677 1006 3722 ret.
1022 3667 1164 3721 coarcessit
1177 3663 1253 3735 lingo
1265 3664 1329 3725 dara.
1346 3674 1373 3717 ct
1383 3677 1416 3715 ra
1432 3662 1464 3717 dc
1479 3676 1508 3715 rc
1523 3661 1643 3713 chartam
1652 3666 1751 3727 postca

953 3760 1116 3829 corascripsit
1133 3778 1141 3810 ι
1161 3758 1186 3812 1ιι
1202 3772 1310 3811 carraera
1336 3753 1503 3811 llirioneusis
1515 3753 1621 3807 abbatis
1637 3751 1744 3806 noraine

954 3851 1152 3913 hammoniaci
1163 3850 1251 3921 posttit
1264 3850 1289 3903 in
1302 3845 1553 3903 nranuvencrabilis
1566 3843 1686 3916 lingonis
1698 3858 1743 3895 aa·

954 3944 1119 4015 cbiepiscopi
1135 3943 1323 4011 Lugdunensis
1336 3956 1416 4010 supra
1431 3938 1607 3993 austrinam...
1627 3951 1698 3989 atauo
1712 3934 1748 3989 ab

954 4038 1144 4093 incarnatione
1169 4035 1274 4090 Dasmini
1303 4032 1384 4091 ttot.
1411 4030 1505 4084 inalict.
1536 4044 1613 4083 xtr.a
1644 4026 1744 4081 liudem

955 4145 1027 4183 anno
1042 4128 1152 4198 scripsit
1176 4125 1332 4181 haimberto
1357 4120 1506 4176 Senoaensi
1522 4120 1555 4173 dc
1572 4116 1663 4173 ruultis
1684 4130 1747 4171 eaor

956 4235 1082 4292 arguens,
1097 4230 1125 4273 et
1135 4218 1222 4272 citans
1235 4216 1267 4271 ad
1282 4213 1426 4269 concilium
1446 4210 1592 4265 Trecense.
1612 4210 1687 4263 anno
1702 4223 1746 4263 sc·

957 4313 1050 4383 quenti
1077 4310 1147 4366 idem
1176 4307 1410 4378 archiepiscopus,
1427 4301 1588 4373 Nbrgaurhts
1602 4298 1748 4355 AEtluensis

956 4402 1141 4459 etWaltcrius
1161 4398 1358 4455 cabillonensis
1377 4394 1507 4466 episcopi,
1529 4392 1628 4447 domno
1641 4388 1746 4459 linguai

118 4498 149 4564 pi,
163 4520 171 4549 ι
185 4502 313 4570 prohibiti
328 4512 360 4555 ut
374 4498 559 4554 rlrcebaturah
574 4498 668 4552 codem
686 4496 872 4567 Largdnnensi,
888 4517 898 4550 ι
920 4495 1128 4567 pcluniaecns.
1154 4492 1245 4549 abbati
1273 4486 1468 4544 monasterium
1492 4482 1521 4539 S.
1538 4480 1700 4553 Magdalenae
1715 4481 1755 4533 tle

118 4590 194 4659 innuit
205 4593 384 4649 irlcmcbron.
399 4591 456 4646 lmo
467 4601 495 4646 et
506 4589 578 4661 qumi
592 4590 721 4644 adversus
733 4588 904 4659 Norgaudum

956 4588 1099 4657 Quadrella
1119 4586 1154 4657 (le
1170 4582 1332 4652 charolair),
1351 4580 1547 4637 conhrrnaront
1571 4574 1751 4643 ejrtsalemqae

118 4678 271 4739 AEalucnsem
283 4683 481 4754 episcopumin
496 4683 547 4737 boc
557 4691 688 4753 etpostea
702 4682 728 4735 ia
743 4680 904 4737 Pictas-tensi
956 4680 1017 4751 pagi
1032 4678 1162 4734 eeclesias
1177 4676 1321 4747 dequibus
1337 4672 1411 4725 litem
1428 4669 1571 4725 inurebant
1584 4664 1749 4721 heutbabins

117 4774 387 4831 marciliusanxerant
411 4773 592 4845 legatipalam
624 4772 799 4842 improbarit,
821 4772 905 4827 etita
957 4772 1126 4844 iliganicnsis
1146 4779 1174 4827 ct
1195 4770 1267 4825 illins
1282 4766 1341 4837 ejus
1354 4764 1532 4837 cognominis.
1557 4759 1678 4828 Denique
1701 4774 1746 4812 an.

119 4865 215 4920 nuatum
229 4868 289 4937 agir
308 4876 342 4921 aa
358 4866 570 4937 infringeretur3
591 4865 695 4920 scilicet
709 4864 803 4935 ingens
815 4873 844 4919 et
858 4880 906 4920 ex·
957 4864 1028 4921 libii
1036 4880 1098 4921 cum
1111 4870 1291 4934 attererentur
1313 4855 1476 4915 cathedralis
1491 4852 1611 4909 ecclcsiae
1625 4849 1747 4905 canonici

116 4956 196 5015 celsus
207 4962 322 5015 animus
341 4967 437 5014 suetus
450 4959 564 5030 imperio
576 5000 584 5018 ,
598 4956 713 5012 batenus
728 4972 801 5012 nurse
816 4958 905 5027 gravi·
956 4960 1028 5031 qrrud
1042 4955 1352 5019 ecclcsiamhrtensem,
1373 4965 1433 5023 qrrae
1445 4948 1523 5002 adil.
1534 4946 1702 5015 Stephanum
1714 4942 1748 4995 ab

118 5058 165 5105 ¹²oe
187 5062 216 5106 et
234 5053 374 5124 dignitate
388 5066 437 5106 sua
464 5050 648 5106 arbitrabatur
664 5048 759 5116 subjici
772 5058 905 5119 etparere
957 5050 1078 5120 antiquis
1093 5047 1259 5118 temporibus
1281 5044 1444 5117 pertinebat,
1461 5040 1564 5111 ilugoni
1575 5038 1748 5094 cloniacensi

115 5142 270 5211 nairmribns,
285 5154 370 5213 atque
382 5155 412 5199 ut
422 5143 529 5199 rirletur
542 5159 573 5197 ea
591 5142 682 5196 omraia
706 5141 808 5196 vitandi
823 5156 904 5197 causa
957 5148 1095 5208 donasset,
1106 5158 1166 5198 eam
1182 5141 1235 5197 ints
1247 5138 1376 5203 respirate,
1390 5145 1476 5205 eapte
1489 5150 1519 5190 ea
1538 5129 1749 5189 cluniaeodedit

115 5228 390 5309 hierosolymitanum
409 5237 461 5291 iter
484 5236 573 5290 animo
588 5234 720 5301 concepit,
735 5233 905 5305 legarusttu·
957 5239 1036 5293 aliam
1054 5236 1088 5292 de
1109 5236 1139 5290 S.
1163 5234 1299 5290 Germano
1315 5238 1510 5299 nuarcupatam.
1534 5225 1601 5282 curn
1625 5225 1659 5277 lis
1686 5231 1746 5277 orta

145 5348 183 5416 131
202 5351 329 5419 Tempus
350 5349 462 5419 lanjnsce
481 5348 707 5418 perettittaliobia
734 5348 842 5401 ‘ibiibi
871 5363 906 5401 ex
956 5347 1310 5417 daaaadaeratragastaua.
1339 5345 1435 5411 larnano
1459 5334 1671 5395 ronrentniecit
1696 5334 1747 5387 boc

114 5418 202 5472 charta
214 5422 375 5477 «locationis
386 5421 508 5475 ecclesiae
528 5419 558 5471 tt.
589 5418 905 5473 llariaerleForosactae
957 5418 1194 5477 dirararnaecelesiaa
1226 5419 1259 5471 (te
1285 5414 1355 5469 Fora
1376 5410 1518 5468 coarceaaui
1546 5415 1647 5467 nostro,
1666 5422 1675 5453 ι
1693 5412 1746 5457 ete.

114 5493 279 5548 munusculo
294 5490 502 5563 savigniacensi
517 5488 567 5560 (ilc
582 5488 661 5545 lium
676 5504 737 5558 pag,
749 5486 813 5553 5911
828 5505 834 5539 :
852 5486 907 5543 «Eo
958 5494 986 5548 Si
1002 5492 1074 5547 eninr
1089 5505 1131 5545 ιιι.
1146 5486 1206 5543 idus
1217 5503 1264 5542 sen
1280 5486 1314 5541 15
1328 5484 1415 5539 blartii
1427 5522 1435 5541 .
1448 5490 1506 5535 erat
1519 5476 1584 5556 laria
1597 5490 1622 5527 tv
1647 5472 1748 5554 hebdo-

114 5574 247 5631 annoquo
262 5562 344 5630 lingo
371 5562 534 5631 arciriepisc.
561 5560 684 5630 Lugduu.
709 5557 906 5628 lerosolymam
958 5563 1149 5631 aaaaiaepriauae
1175 5561 1202 5613 in
1222 5556 1448 5625 Quadragesiura‚
1473 5550 1530 5604 dics
1555 5540 1749 5625 Crustumio-rt

113 5631 197 5697 petiit.
219 5670 227 5685 .
250 5672 258 5685 .
281 5670 291 5686 .
319 5669 326 5685 .
348 5631 414 5688 iecit
425 5640 588 5687 corruantur-a
608 5628 731 5685 ecelesiae
750 5644 829 5683 strae.
849 5664 857 5680 ·
875 5668 905 5684 ..
958 5636 1018 5690 dies
1030 5640 1106 5687 sexta
1118 5630 1236 5685 eiusdem
1251 5626 1352 5683 ratensis
1368 5642 1374 5679 :
1389 5619 1546 5690 usqueadeo
1562 5614 1748 5695 Pascharncr·

111 5703 330 5757 urrctatnrusde
341 5701 457 5757 utilitate
470 5700 595 5757 Ecclesiae
615 5715 683 5761 strae,
697 5710 725 5754 ct
739 5699 773 5755 de
790 5714 841 5755 sno
864 5698 905 5753 iti·
958 5705 996 5761 dir
1010 5704 1036 5759 in
1049 5703 1120 5757 diem
1131 5701 1162 5756 at
1179 5698 1290 5771 Aprilis,
1303 5698 1373 5769 gatoti
1393 5706 1463 5749 aranu
1478 5686 1543 5745 ttbt
1558 5690 1695 5744 contenit.

113 5786 185 5838 acre,
204 5783 234 5828 ct
248 5775 304 5829 hoc
321 5790 350 5827 ιιι
369 5772 430 5829 liius
447 5771 547 5835 aaran,
573 5769 617 5825 die
637 5779 741 5840 qtrartae
752 5770 825 5825 leriae
841 5770 907 5824 heb·
