4017 6342
134 364 180 420 ro
543 342 828 403 uerunmrrouss
848 346 898 403 ss
918 344 1074 403 raruuu.
1090 344 1199 403 -mn
1219 344 1230 401 r
1669 342 1723 403 ῃ,

133 480 169 536 sm
186 470 324 543 jejunemus
337 461 404 517 hanc
418 456 525 515 nullst
543 460 624 515 etiam
638 459 744 515 decima
758 459 821 516 rite
831 474 882 514 nn·
896 463 917 519 Α
932 458 1067 515 inermus.
1084 457 1114 513 ln
1127 467 1206 514 nocte
1217 456 1358 529 praecessit
1378 466 1426 514 eos
1438 456 1550 529 angelus
1570 454 1677 511 Dorolui
1692 454 1722 513 in

130 580 190 626 see.
207 557 354 617 sicutenim
367 554 400 609 de
419 552 481 607 aliis
493 554 587 619 rebus,
602 554 639 608 ita
653 552 788 609 decimam
800 552 882 608 debe·
931 552 1060 607 columna
1084 552 1165 621 ignis,
1180 558 1207 606 et
1230 550 1329 621 repulit
1343 550 1378 606 ab
1397 552 1437 607 eis
1457 550 1597 606 horrorem
1614 552 1719 619 noctis;

129 676 181 719 mus
197 656 254 711 dare
266 652 297 706 de
310 647 414 703 diebus.
437 646 533 701 Annus
547 660 665 717 iramque
687 662 770 701 ccccx
786 644 883 701 diebus
932 644 960 697 in
972 644 1017 699 die
1029 658 1092 699 reru
1105 643 1224 715 protexit
1239 656 1287 700 eus
1297 644 1324 699 in
1337 645 1409 700 nube
1420 646 1454 702 ab
1466 654 1532 701 aestu
1543 646 1652 703 caloris.
1667 644 1721 715 Qut

125 756 222 809 constat.
236 744 335 799 [iteum
351 752 401 793 nos
412 738 445 792 de
457 738 507 793 ista
523 738 746 811 quadragesima,
762 740 882 808 exceptis
931 746 993 807 post
1010 752 1065 791 xun
1091 738 1247 793 mansiones
1269 738 1438 794 intraverunt
1461 738 1488 794 iu
1512 748 1612 795 terram
1629 754 1723 811 repro·

126 836 253 896 Dominicis
262 832 363 895 diebus,
376 844 457 883 xrxrr
475 828 534 883 dies
552 829 731 896 abstinemus,
743 828 823 900 quasi
835 830 882 884 de-
931 829 1082 886 missiouis.
1101 828 1129 885 Si
1144 846 1177 885 ru
1189 831 1268 887 annis
1279 831 1349 887 diem
1363 848 1413 903 pro
1425 848 1498 888 anno
1513 834 1673 902 decimabis,
1687 850 1721 890 rr.
1767 820 1775 828 ’

123 932 207 987 cimam
219 926 250 980 de
259 924 351 978 diebus
361 920 550 991 persolvimus.
564 919 620 975 Lex
634 936 745 992 quoqne
770 938 788 976 x
811 937 882 991 pree·
931 922 991 979 dies
1003 924 1184 993 computabis.
1199 922 1232 978 lli
1247 932 1310 979 sunt
1325 924 1370 980 isti
1384 942 1418 980 ει
1440 924 1498 981 dies
1512 942 1580 997 quos
1593 926 1722 981 observat

123 1020 194 1089 ceptis
217 1013 368 1083 completur,
387 1019 414 1065 et
439 1027 527 1067 annus
556 1019 676 1081 quatitur
701 1012 882 1082 temporibus,
931 1013 1049 1084 populus
1071 1012 1255 1083 Christianus,
1277 1030 1358 1085 quem
1376 1016 1409 1071 de
1422 1019 1600 1087 oppressione
1619 1015 1721 1073 diaboii

122 1112 209 1168 seilicet
221 1122 287 1171 rere,
308 1112 410 1168 estate,
430 1112 563 1159 autumno
590 1111 618 1159 et
633 1104 723 1159 bieme
741 1104 880 1160 rolritnr:
930 1107 1046 1161 redemit
1061 1105 1202 1173 Dominus,
1218 1124 1299 1178 quem
1316 1124 1365 1179 per
1379 1110 1530 1164 custodiam
1544 1110 1636 1167 decern
1651 1128 1723 1183 pree·

121 1214 144 1261 ει
154 1205 226 1258 bomo
234 1208 346 1269 quatuor
358 1198 509 1263 elementis,
525 1198 552 1253 id
567 1207 608 1253 est
619 1198 691 1269 igne,
706 1212 780 1263 aere,
799 1212 880 1268 aqua,
932 1206 1073 1268 ceptorum
1098 1208 1124 1254 et
1147 1216 1175 1254 ιν
1195 1198 1404 1271 Evangeliorum
1423 1201 1585 1271 decerpere
1608 1218 1659 1258 suo
1673 1218 1722 1274 pa-

121 1306 180 1353 terru
200 1292 338 1363 perficitur.
363 1287 415 1356 Qui
429 1305 494 1361 ergo
516 1298 635 1361 quatuor
656 1290 743 1345 nostri
757 1291 882 1361 corporis
932 1286 994 1353 scit,
1012 1289 1174 1359 sanguinem
1190 1291 1223 1345 de
1242 1291 1327 1347 latere
1342 1306 1403 1359 stro,
1420 1304 1450 1346 ut
1471 1308 1569 1363 aeriam
1592 1294 1625 1349 de
1646 1303 1723 1364 petra

119 1386 274 1459 guabtmibus
287 1384 314 1437 in
329 1392 446 1453 quatuor
456 1382 521 1437 unni
544 1382 713 1453 temporibus
725 1390 819 1437 contra
834 1381 881 1436 Dei
932 1380 1067 1448 producit.
1081 1380 1147 1447 Quae
1160 1390 1236 1451 petra
1257 1380 1300 1438 bis
1315 1383 1390 1455 virga
1408 1398 1536 1454 percussa
1554 1393 1605 1451 est,
1619 1386 1724 1440 scilicet

117 1488 232 1551 precepta
244 1476 334 1530 decern
351 1472 474 1538 fecimus,
491 1474 595 1543 justum
609 1482 652 1529 εει
666 1481 696 1528 ιιι
715 1472 758 1528 lris
772 1482 881 1544 quater·
931 1486 998 1527 caro
1011 1470 1113 1527 Christi
1134 1473 1242 1529 duobus
1259 1475 1340 1547 lignis
1354 1478 1444 1533 erneis
1467 1477 1556 1532 allisa.
1576 1478 1628 1545 Qui
1641 1490 1724 1549 putus

118 1571 182 1625 denis
201 1568 291 1623 diebus
304 1566 359 1620 Deo
373 1576 467 1621 nostro
482 1564 694 1621 satisfaciemus.
711 1564 770 1621 linc
790 1578 881 1620 autem
932 1563 979 1618 dat
998 1578 1124 1634 saporem
1148 1568 1236 1622 mellis
1250 1577 1277 1623 et
1292 1568 1354 1635 olei,
1370 1570 1434 1639 quin
1453 1570 1514 1625 oleo
1528 1570 1723 1627 misericordiae

116 1661 167 1715 ideo
178 1659 244 1713 cirea
257 1656 409 1727 passionem
426 1657 533 1711 Domini
546 1658 758 1728 agimus3nuie,
772 1658 796 1711 si
808 1672 884 1712 eom-
931 1654 1045 1711 vulrrcra
1073 1666 1248 1727 peccalorum
1279 1670 1435 1717 nostrorum
1460 1672 1557 1730 senat,
1586 1672 1613 1719 et
1644 1664 1724 1719 melle

115 1752 225 1822 patimur,
237 1758 265 1805 et
283 1750 521 1822 conregnabimus.
540 1751 616 1805 Scire
632 1758 723 1805 autem
739 1749 881 1815 debemus,
933 1756 1041 1802 aeterne
1056 1748 1208 1806 dulcedinis
1225 1766 1274 1808 nos
1290 1754 1380 1809 satiat.
1394 1750 1428 1809 Et
1442 1756 1464 1810 si
1487 1754 1648 1811 vestimenta
1661 1770 1724 1827 qum

114 1840 274 1905 dilectissimi,
290 1840 362 1893 unde
381 1839 440 1894 dies
464 1854 498 1893 xe
519 1840 574 1893 sint
590 1838 718 1894 instituti.
733 1837 803 1892 Cum
826 1834 880 1890 Do·
896 1818 917 1873 Β
931 1838 959 1892 in
973 1838 1111 1909 baptismo
1130 1843 1301 1913 suscepimus
1323 1846 1396 1901 vitiis
1420 1862 1474 1900 non
1496 1840 1659 1915 atteruntur,
1674 1864 1724 1903 nee

113 1932 191 1985 minus
209 1930 336 1998 populum
359 1944 440 1983 suum
465 1930 500 1984 de
521 1930 589 2000 jugo
603 1928 755 1984 Pharaonis
769 1929 879 1999 eripuit,
929 1931 1051 2001 peccetis
1071 1933 1240 2003 polluuntur,
1256 1947 1321 1993 tune
1340 1938 1467 2009 praeeedit
1483 1954 1533 1994 nos
1549 1940 1611 2011 igne
1635 1940 1723 1996 saneti

112 2040 140 2078 m
151 2037 229 2076 annos
247 2037 310 2076 eum
332 2038 382 2092 per
397 2023 535 2079 desertum
549 2022 637 2088 duxit,
651 2036 750 2092 panem
766 2020 828 2075 coeli
840 2020 881 2076 eis
932 2020 1051 2093 Spiritus
1080 2026 1106 2079 in
1135 2036 1215 2082 nocte
1243 2028 1325 2099 larrjus
1351 2030 1501 2086 tenebrose
1521 2034 1593 2099 rite,
1624 2034 1651 2087 in
1678 2033 1724 2089 dio

111 2115 168 2185 pluit
185 2113 230 2183 qui
252 2129 335 2169 omne
352 2116 581 2171 delectamentum
605 2113 710 2180 babuit,
729 2126 829 2183 aquam
845 2111 881 2167 dc
930 2128 995 2168 vcro
1017 2114 1113 2185 judicii
1138 2126 1261 2189 proteget
1288 2136 1338 2176 nos
1363 2121 1436 2177 nube
1461 2136 1518 2177 snae
1545 2122 1723 2179 burnanitatis

110 2205 394 2275 petrapertusiense
409 2222 533 2277 saporem
548 2206 637 2262 mellis
647 2215 675 2260 ει
686 2206 738 2259 olei
755 2204 880 2274 praebuit,
930 2207 966 2261 ab
978 2212 1074 2266 eremi
1093 2212 1212 2268 incendii
1233 2214 1332 2269 ardore
1351 2210 1432 2271 lesus
1449 2213 1576 2273 Christus
1590 2215 1724 2273 Dominus

108 2298 250 2352 restimenta
263 2298 382 2353 'illorum
399 2313 454 2353 rien
477 2307 539 2355 sunt
556 2307 690 2354 vetustate
711 2297 814 2361 attrita,
828 2310 880 2349 nec
931 2310 1034 2357 noster.

110 2387 225 2442 maeubta
239 2388 381 2456 sordibus,
403 2396 431 2443 et
444 2403 499 2443 non
521 2397 582 2445 erat
595 2388 624 2444 in
643 2389 770 2444 tribubus
781 2400 878 2441 eorum

374 2662 629 2747 numidica
666 2662 900 2744 SECUNDA
940 2664 996 2747 tri
1034 2662 1448 2758 obtestaretur.

706 2840 891 2906 Secundum
907 2839 1107 2905 Mattheum.

134 3020 143 3055 r
157 3000 284 3073 Egressus
296 3000 383 3061 lesus
403 3004 516 3059 secessit
534 3004 561 3059 in
575 3014 667 3075 partes
680 3004 745 3077 Tyri
757 3014 786 3061 ει
798 3004 915 3072 Sido-c
931 3006 984 3065 sibi
998 3006 1154 3065 contrarius
1168 3006 1315 3075 rideretur,
1336 3021 1399 3063 cum
1419 3007 1534 3064 dixisset
1553 3026 1562 3062 ε
1582 3024 1592 3061 r
1607 3006 1636 3064 ln
1648 3008 1723 3065 riam

98 3097 142 3151 cis.
157 3095 258 3151 Etecee
281 3098 388 3151 mulier
402 3095 555 3152 coenares
569 3099 694 3169 gentilis,
715 3098 883 3170 Spronoe-
931 3099 1236 3171 gentiumneabicritis
1250 3098 1359 3167 (iiottir.
1370 3097 1410 3169 x).
1428 3117 1438 3153 r
1453 3096 1488 3155 Et
1500 3114 1536 3156 ne
1548 3100 1723 3157 occasionem

95 3188 159 3245 nisse
172 3206 282 3261 genere,
294 3191 428 3246 clamarit
449 3190 566 3245 dicens:
586 3190 807 3258 «misereremei,
825 3190 881 3248 Do·
931 3194 1010 3250 daret
1026 3192 1282 3261 calumniatoribus,
1296 3191 1443 3264 perlectam
1462 3192 1578 3251 εειυιειιι
1600 3194 1724 3263 gestium

93 3283 213 3345 nicetii
228 3281 327 3338 David.
359 3282 426 3337 Filia
446 3298 506 3338 mea
524 3284 594 3338 mate
613 3299 629 3337 a
651 3284 787 3339 demonio
801 3299 882 3340 rexe-
931 3284 1141 3341 resurrectionis
1161 3282 1277 3355 tempori
1311 3298 1466 3341 merens.
1490 3280 1544 3339 Pro
1567 3282 1723 3341 chananaea

94 3382 139 3438 tur,
160 3385 209 3431 ete.
228 3375 351 3449 (Metti.
366 3374 424 3445 rr).
441 3374 611 3431 »chananaei
628 3384 715 3431 terras
731 3376 758 3431 in
781 3377 882 3447 quibus
931 3379 1058 3448 discipuli
1073 3378 1206 3450 rogabant
1222 3376 1375 3435 nescientes
1396 3376 1526 3449 mysteria
1549 3374 1658 3433 Domini
1678 3376 1724 3431 rel

91 3464 171 3521 iudea
182 3476 222 3523 εει
234 3468 432 3523 incoluerunt.
450 3466 502 3533 Qui
514 3467 556 3522 rel
576 3467 647 3522 bello
660 3468 826 3537 consumpti,
838 3468 881 3523 rel
931 3470 1119 3527 misericordia
1134 3470 1278 3538 commoti,
1298 3468 1341 3525 rel
1367 3467 1572 3539 importunitate
1593 3470 1654 3541 ejus
1675 3486 1725 3525 ea·

92 3556 114 3609 in
126 3558 179 3611 loca
192 3558 285 3613 vicina
299 3557 426 3627 dispersi
438 3599 445 3623 ,
459 3557 502 3611 rel
513 3558 539 3612 in
559 3558 715 3615 seruitutem
729 3558 883 3614 conditione
931 3578 992 3619 rere
1006 3562 1157 3633 cupientes.

89 3648 246 3705 devicturum
263 3650 403 3720 subjecti,
425 3665 524 3704 nomeu
538 3659 628 3705 tamen
641 3650 701 3705 sine
715 3649 803 3719 patria
817 3648 882 3704 sede
969 3673 980 3708 r
995 3653 1077 3713 lesus
1096 3665 1189 3711 autem
1203 3652 1374 3725 respondeas
1389 3654 1428 3711 ait
1443 3674 1450 3710 :
1465 3652 1525 3711 Non
1543 3670 1604 3710 snm
1619 3654 1723 3711 missus

90 3739 288 3798 eirmnrlernnt.
304 3742 354 3797 Ex
372 3742 417 3796 illa
434 3757 500 3812 ergo
520 3742 691 3811 dispersione
703 3741 774 3795 inter
785 3747 882 3797 caetera
931 3743 987 3801 nisi
999 3746 1033 3799 ad
1046 3760 1111 3802 oves
1124 3760 1186 3815 qttte
1198 3743 1335 3815 perierant
1345 3744 1443 3801 domus
1455 3744 1548 3801 lsrael.
1562 3765 1571 3797 r
1585 3743 1643 3802 lloc
1655 3745 1724 3801 dixit

87 3836 283 3907 contigit,quod
298 3838 366 3893 baec
376 3832 883 3905 GlrarranaeaqrraecstSyro-Pboenissa
931 3834 1005 3905 quod
1024 3835 1142 3905 primum
1157 3836 1259 3891 missus
1276 3835 1311 3889 sit
1325 3835 1359 3889 ad
1371 3834 1466 3903 lsrael,
1480 3852 1562 3907 quern
1585 3836 1724 3908 negligen-

87 3940 184 3992 genere‚
200 3927 249 3983 hic
270 3936 318 3983 est
346 3942 382 3982 ex
399 3925 516 3997 Syrisce
530 3924 706 3981 Pboenicibos
726 3932 798 3979 orta.
811 3922 882 3981 Geu-
932 3936 987 3982 tcru
1000 3924 1176 3999 Euangelium
1198 3927 1364 3987 dimissurus
1378 3936 1438 3983 erat
1460 3936 1488 3982 ει
1503 3928 1669 3983 transiturus
1687 3930 1723 3984 ad

84 4017 132 4072 tilis
151 4018 244 4090 itaque
260 4026 326 4085 est,
345 4025 376 4072 et
397 4016 421 4072 si
435 4014 535 4071 ludaeis
551 4015 667 4070 adruista
682 4014 882 4086 proselytorum
932 4028 1036 4091 gentes.

84 4108 190 4166 formam
208 4113 362 4183 praeierat.
389 4108 485 4164 llerito
511 4124 629 4181 iramque
652 4107 825 4163 existimatur
847 4121 883 4163 ex
970 4110 1032 4167 «m
1052 4110 1099 4168 illa
1125 4111 1201 4169 venit
1229 4119 1257 4167 et
1288 4110 1413 4167 adoravit
1431 4122 1494 4165 eum
1523 4110 1641 4167 dicens:
1668 4108 1724 4165 Do-

81 4202 132 4273 lege
146 4207 322 4279 cognovisse
338 4202 415 4275 quod
431 4201 570 4257 Christum
590 4214 616 4257 et
631 4200 777 4257 Dominum
789 4208 817 4255 et
826 4198 883 4256 Du·
931 4202 1122 4273 miseridiam
1132 4218 1186 4261 me.
1198 4202 1250 4271 Qui
1261 4203 1331 4259 dixit
1342 4220 1350 4258 :
1362 4201 1427 4259 Sine
1440 4203 1516 4274 prius
1531 4202 1626 4258 satiari
1639 4200 1720 4259 lilios.

81 4295 233 4353 ridfilium
260 4297 430 4353 confitetur.
446 4293 546 4367 'lypice
567 4305 657 4349 autem
682 4292 880 4365 signitieetEc·
931 4292 991 4351 Non
1014 4302 1056 4349 est
1078 4294 1152 4350 enim
1180 4294 1284 4349 bonum
1310 4308 1420 4350 sumere
1442 4308 1539 4363 panem
1562 4291 1680 4347 illiorum
1695 4300 1724 4347 et

78 4389 180 4445 etesium
197 4392 235 4447 de
254 4389 484 4461 gentibusque
506 4402 556 4457 pro
577 4387 632 4443 iilia
644 4398 732 4458 rogat,
754 4402 817 4442 cum
830 4401 881 4458 pru
895 4381 918 4435 D
933 4385 1040 4442 roittere
1052 4385 1176 4444 canibus.
1196 4402 1206 4437 r
1223 4384 1288 4441 Tale
1301 4384 1427 4455 estquod
1437 4382 1513 4439 dicit.
1527 4381 1660 4439 Futurum
1680 4390 1724 4439 est

78 4478 217 4537 animabus
251 4480 389 4536 nondum
418 4476 591 4533 credentibus
620 4492 745 4546 supernae
773 4477 882 4549 pietatis
932 4486 964 4532 ut
979 4486 1068 4533 etrus
1090 4485 1185 4547 gentes
1206 4476 1322 4533 salutern
1340 4474 1558 4547 consequamini,
1574 4475 1622 4533 sed
1644 4475 1722 4546 prius

75 4571 301 4629 misericordiam
320 4570 461 4641 supplicat
477 4580 507 4625 ut
526 4586 542 4624 a
557 4568 699 4626 fraudibus
711 4571 813 4627 diaboli
826 4571 883 4627 sol·
932 4578 1041 4641 oportet
1053 4568 1148 4625 saltem
1160 4566 1397 4639 aliquosludaeos,
1408 4568 1456 4641 uni
1466 4568 1579 4639 entique
1589 4568 1725 4625 electione

76 4674 178 4720 rentur.
209 4666 306 4732 Deire,
343 4662 424 4733 juxta
454 4660 610 4717 llattlraeum
635 4662 668 4717 de
692 4663 794 4720 linibus
824 4663 884 4721 suis
933 4663 982 4719 lilii
1002 4660 1050 4719 Dei
1065 4662 1251 4725 nominantur,
1268 4676 1338 4730 pauc
1358 4660 1420 4717 coeli
1443 4658 1528 4728 reici,
1553 4666 1584 4715 et
1607 4658 1725 4717 tietan-

72 4770 176 4825 egressa
191 4756 262 4825 suit,
276 4766 309 4813 et
324 4754 407 4827 juxta
421 4753 541 4809 Marcum
556 4754 591 4809 ad
606 4752 688 4823 pedes
702 4753 809 4811 Domini
821 4771 885 4826 pro·
933 4757 995 4811 deut
1009 4752 1134 4827 gentibus
1154 4754 1217 4808 ritae
1230 4753 1329 4825 pabula
1347 4750 1508 4809 ministrari.
1524 4750 1613 4807 Canes
1626 4750 1726 4809 dinun-

72 4852 132 4907 cidit
147 4854 256 4925 (Marc.
265 4853 343 4923 rar),
353 4858 384 4905 ut
396 4866 429 4905 ex
444 4857 560 4920 utroque
569 4850 711 4921 colligatur
721 4852 832 4921 quando
844 4850 885 4905 illi
934 4854 980 4900 tur
989 4844 1092 4899 calinici
1113 4853 1223 4914 propter
1237 4842 1430 4909 idololatriam,
1446 4844 1493 4914 qui
1507 4843 1567 4899 esui
1581 4846 1727 4915 sanguinis

69 4954 137 5002 reete
158 4963 215 5019 pro
226 4943 407 5002 errantibus
420 4952 499 4997 orant
513 4941 559 5011 qui
575 4942 679 5011 priscas
694 4958 751 4999 suae
764 4942 886 5015 pertidus
933 4935 1017 4992 deDiti
1037 4943 1065 4991 et
1087 4935 1266 4991 cadaveribus
1289 4943 1471 5003 mortuorum,
1494 4934 1620 4993 teruntur
1636 4937 1665 4991 in
1679 4952 1725 4993 rn-

68 5039 230 5096 mansgones
246 5037 435 5105 relinquunt,
449 5036 517 5091 021„
536 5032 685 5090 Ecclesiam
699 5049 729 5091 50
744 5034 788 5107 pta
802 5035 886 5092 dego.
935 5028 1018 5083 bieru.
1030 5023 1053 5081 D
1065 5026 1134 5081 mira
1149 5024 1306 5081 corrrersiol
1321 5023 1463 5093 Quondam
1474 5024 1556 5081 lsrael
1567 5035 1626 5083 erat
1640 5028 1724 5096 illius,

64 5126 357 5187 tionetranslermnt.
936 5137 986 5179 nus
1008 5134 1100 5177 canes.
1125 5119 1158 5175 lit
1184 5129 1278 5190 postea
1299 5120 1401 5175 dictum
1429 5128 1471 5175 est
1495 5120 1530 5177 dc
1552 5136 1586 5178 eo
1601 5139 1637 5179 :r
1664 5123 1726 5179 Cir·

99 5241 108 5273 r
126 5221 215 5279 iesus
234 5230 348 5278 autern
372 5233 426 5273 raon
446 5216 585 5289 respondit
599 5216 625 5272 ei
645 5216 769 5273 verbum.
792 5214 825 5271 Et
840 5232 887 5273 ac·
936 5214 1135 5271 cumdederunt
1151 5228 1195 5267 me
1206 5226 1289 5267 canes
1302 5212 1381 5267 multi
1399 5210 1486 5283 (Pari.
1503 5214 1600 5283 xxij.»

60 5316 193 5373 cedentes
210 5311 365 5384 discipuli
375 5300 435 5381 ejus
449 5311 582 5380 rogabant
595 5324 658 5365 eom
669 5308 792 5365 dieentes
811 5326 819 5363 ε
840 5305 887 5362 Di·
973 5306 1036 5361 <At
1055 5307 1101 5361 illa
1125 5304 1195 5361 dixit
1214 5323 1221 5359 ι
1238 5303 1336 5371 Etiam
1355 5303 1469 5361 Domine
1486 5324 1493 5362 a
1510 5320 1573 5361 nam
1587 5313 1614 5363 et
1625 5306 1728 5368 ,catelli

59 5409 137 5462 mitre
149 5424 234 5475 eam,
250 5404 334 5477 quia
362 5402 462 5458 elamat
476 5410 539 5472 post
553 5417 614 5459 nos.
635 5400 729 5457 »Post
743 5400 887 5457 ambulen·
936 5398 1022 5455 edum
1035 5396 1069 5455 de
1092 5395 1246 5466 uicisque
1259 5395 1362 5451 eadunt
1381 5396 1527 5453 demensa
1549 5397 1724 5453 dominorum

56 5507 110 5555 tem
124 5498 304 5557 Dominum
327 5495 429 5550 mulier
441 5494 595 5550 chananaea
611 5493 814 5565 deprecatorias
837 5508 888 5549 ro·
937 5504 1062 5546 suorum.
1081 5506 1091 5541 r
1110 5486 1213 5545 Sensus
1232 5498 1292 5543 est:
1306 5486 1395 5553 Certe,
1420 5486 1544 5554 Domine,
1569 5503 1662 5545 rerum
1682 5496 1726 5544 est

54 5608 100 5650 ees
114 5593 245 5659 emittit,
258 5601 294 5646 et
314 5585 399 5659 prius
411 5588 440 5642 in
450 5588 532 5645 domo
543 5588 577 5643 ad
591 5587 673 5657 pedes
688 5586 749 5656 ejus
762 5584 888 5656 procidit,
937 5582 1012 5653 quod
1022 5580 1102 5647 dicis,
1119 5594 1172 5635 nnn
1185 5594 1245 5640 esse
1256 5579 1357 5635 lienum
1377 5593 1474 5649 panem
1486 5578 1605 5637 tiliorum
1617 5580 1725 5637 minere

52 5695 83 5743 tat
96 5684 227 5743 Marcus
238 5688 470 5739 commemorat.
483 5678 561 5747 Quod
575 5687 667 5733 autmn
686 5675 819 5731 Dominus
832 5690 889 5731 nort
938 5672 1064 5741 eritius,
1085 5671 1133 5729 sed
1152 5670 1214 5729 ideo
1230 5686 1284 5728 nou
1295 5670 1397 5727 desisto
1409 5669 1515 5739 precari
1533 5680 1606 5727 tuam
1618 5670 1727 5729 miseri·

50 5778 209 5853 respondit
224 5775 258 5832 ei
272 5786 346 5828 non
365 5771 415 5827 luit
429 5771 463 5827 de
476 5772 623 5843 supercilio
636 5768 780 5842 superma,
792 5767 840 5825 sed
852 5783 891 5827 uu
938 5765 1071 5835 cordiam,
1086 5779 1169 5837 quarn
1183 5764 1250 5821 milri
1263 5760 1413 5825 meandum
1429 5762 1632 5821 similitudimem
1646 5763 1726 5837 panis

207 5870 378 5931 Pmou.
400 5864 518 5928 cavit.
1526 5854 1567 5918 28
