4017 6342
110 357 177 415 tota
575 352 860 413 oestottnntonbs
882 354 932 411 SS.
954 352 1110 411 batnon.
1130 382 1165 395 --
1184 351 1249 409 titt.
1269 350 1302 409 tl.
1681 357 1747 411 toto

107 470 252 542 jiciuutur,
280 484 309 531 et
322 472 404 529 modo
416 471 441 528 ei
453 470 618 528 adhaerendo
631 486 680 541 per
695 470 786 538 sidem,
802 478 828 525 et
843 476 904 539 post
918 473 941 528 Α
955 476 1051 523 nostro
1062 466 1154 523 debito
1165 465 1270 521 altsolri
1285 465 1452 535 debeamus,
1465 483 1499 523 ιι
1514 469 1655 541 proposita
1669 472 1747 524 satiu-

109 562 270 617 inbaarendo
286 579 335 633 per
359 562 487 633 speciem.
507 562 559 628 Qui
576 578 641 633 crgo
661 562 728 633 petit
745 571 775 618 ut
788 575 903 633 regnum
954 565 989 620 tis
1004 562 1161 622 conditione
1183 561 1312 618 donatur.
1341 559 1412 619 Huic
1434 579 1500 635 ergo
1517 563 1642 635 petitioni
1666 562 1747 619 datur

110 651 157 707 [ιιι
173 653 317 722 adveniat,
338 655 383 709 ille
401 651 523 725 prolecto
535 654 651 709 salutem
672 653 813 709 bominum
829 667 903 723 qua
954 657 1073 730 Spiritus
1084 658 1203 726 consilii,
1216 657 1264 729 qui
1279 658 1376 713 doceat
1389 659 1477 716 nosin
1490 659 1543 715 boc
1555 659 1748 716 saeculolibcu·

110 744 154 797 rit.
169 743 210 799 Ac
224 759 274 814 per
290 744 342 800 lroc
356 748 420 800 dum
437 760 486 816 pro
511 745 654 800 communi
672 744 796 799 omnium
815 745 903 799 salute
952 758 994 805 ter
1010 750 1188 822 peccantibus
1213 749 1240 804 in
1265 764 1316 804 nos
1330 750 1548 807 misericordiam
1576 751 1746 822 impendere,

109 835 239 904 ιθδῑιιῑιῑ,
267 836 363 893 Ιῑιθιῑι
383 837 478 891 lilium
503 852 532 893 se
557 838 703 906 Γθιιῡιιιθ
721 837 901 891 demittite!-
952 850 1088 913 quatenus
1108 842 1135 896 in
1152 840 1245 897 loturo
1259 856 1321 897 cuin
1335 842 1520 913 propeccatis
1536 843 1640 898 nostris
1656 844 1745 898 ratio·

109 927 178 985 Huic
189 930 314 1001 petitioni
330 931 411 986 datur
429 930 548 1001 Spiritus
559 929 678 1001 pietatis,
695 937 726 984 ut
741 936 798 1000 ipsc
811 930 845 985 ad
854 944 903 985 cor
951 950 1015 991 nem
1025 934 1159 991 reddituri
1171 948 1278 1003 somus,
1292 948 1449 991 mercamur
1470 934 1690 992 misericordiam
1706 934 1747 991 in·

109 1024 223 1077 veniens
247 1022 281 1077 ad
305 1023 502 1093 benignitatem
517 1022 584 1077 illud
600 1021 741 1089 accendat,
763 1031 901 1093 quatenus
951 1026 1054 1083 venire.

110 1114 144 1169 ad
164 1116 288 1171 eamdem
314 1116 398 1170 bomo
423 1125 532 1171 eternae
558 1116 725 1171 iratreditatis
750 1116 903 1188 possessio·
988 1117 1070 1174 Sexta
1084 1118 1451 1191 petitioestcontragulam,
1468 1133 1523 1191 qua
1536 1119 1659 1175 dicitur:
1679 1116 1745 1173 «lle

109 1221 183 1271 nem,
195 1206 230 1262 ad
242 1222 325 1277 rpuam
339 1207 408 1263 alios
421 1207 565 1279 pertenire
579 1206 663 1277 cupit,
679 1208 737 1278 ipse
747 1207 899 1279 perveniat.
951 1226 1002 1266 nos
1012 1211 1127 1268 inducas
1137 1211 1164 1265 in
1178 1210 1366 1275 tentationem,
1380 1230 1390 1262 r
1408 1209 1486 1265 idest
1496 1210 1589 1265 induci
1602 1209 1745 1280 permittas

142 1298 236 1353 Tertia
256 1300 352 1369 petitio
380 1308 423 1355 est
453 1310 547 1356 contra
577 1300 665 1365 iram,
696 1316 750 1372 qua
773 1302 899 1359 dieitur.
951 1302 979 1355 in
1008 1301 1196 1355 tentationem.
1226 1298 1290 1357 llaec
1311 1309 1353 1355 est
1372 1300 1487 1355 tentatio
1510 1316 1564 1370 qua
1584 1314 1635 1355 nos
1651 1300 1747 1355 illecar

111 1388 200 1443 «Fiat
222 1390 351 1447 uoluntas
378 1400 424 1446 tua
445 1392 519 1447 sicut
545 1392 572 1447 in
601 1393 672 1447 coelo
696 1402 724 1449 et
747 1393 774 1449 in
787 1402 896 1450 terra.»
951 1390 999 1445 bra
1013 1392 1106 1446 carnis
1121 1406 1192 1462 saepe
1209 1407 1258 1461 pcr
1270 1390 1424 1445 naturalem
1438 1388 1588 1460 appetitum
1601 1390 1636 1444 ad
1655 1389 1746 1445 excel·

108 1478 168 1535 lion
183 1480 257 1535 enim
274 1482 332 1537 ruit
347 1481 512 1538 contendere
522 1482 571 1553 qui
585 1483 651 1539 dicit
670 1504 676 1539 ε
694 1503 703 1538 ι
723 1484 783 1541 Fiat
799 1486 900 1541 volun·
951 1499 1012 1539 sum
1032 1485 1140 1539 trabere
1154 1484 1260 1552 nititur,
1274 1492 1301 1538 et
1310 1484 1427 1538 latenter
1439 1481 1606 1552 voluptatem
1623 1481 1744 1552 subjicit,

108 1580 251 1639 tastum»
280 1574 328 1630 sed
340 1573 391 1629 sibi
405 1574 515 1644 placere
532 1574 634 1631 indicat
655 1577 789 1649 qtridquid
802 1578 901 1634 nolun-
950 1575 1015 1630 dum
1037 1575 1182 1631 manifeste
1203 1576 1283 1631 uobis
1300 1576 1334 1631 dc
1358 1574 1520 1630 necessitate
1541 1573 1690 1629 blanditur.
1714 1572 1745 1627 ln

107 1664 171 1719 tatis
187 1664 234 1721 liei
258 1664 350 1732 luerit,
373 1665 473 1721 sivein
489 1682 520 1723 se
545 1683 593 1724 seu
610 1668 637 1723 in
662 1670 723 1725 aliis
748 1671 898 1726 secundum
950 1684 1033 1739 quam
1046 1666 1169 1738 prolecto
1183 1667 1359 1723 tentationem
1371 1674 1620 1737 tuncnequaquam
1636 1664 1745 1721 induci-

108 1756 251 1811 arbitrium
284 1772 342 1813 suec
369 1758 536 1829 dignationis
559 1760 709 1832 dispensat.
736 1761 807 1818 iluic
833 1780 899 1835 ergo
951 1773 1024 1824 rnur,
1041 1757 1064 1812 si
1078 1758 1119 1814 sic
1133 1757 1278 1813 studemus
1303 1757 1455 1812 secundum
1476 1772 1635 1812 mensuram
1650 1772 1744 1813 neces-

107 1849 233 1921 petitioni
248 1849 329 1904 datur
349 1849 469 1920 Spiritus
485 1852 616 1921 sclemiae,
629 1864 660 1911 ιιι
674 1856 733 1926 ipse
751 1857 784 1913 ad
794 1873 842 1914 cor
857 1874 899 1915 ve
917 1820 937 1876 B
951 1850 1041 1906 sitatis
1056 1860 1163 1906 nalurae
1176 1850 1332 1907 subsidium
1346 1851 1515 1920 impendere.
1528 1859 1559 1905 ut
1571 1858 1662 1905 1³¹⁰ssss
1672 1866 1745 1905 ⁵0¹¹]-

108 1940 189 1996 niens
209 1940 317 1996 erudiat
339 1940 416 2009 illud,
447 1950 475 1997 et
496 1945 643 2001 salubriter
666 1958 844 2021 compungat,
869 1959 900 2006 ut
949 1956 998 2011 per
1012 1942 1222 1998 meminerimus
1233 1943 1383 2013 appetitum
1401 1942 1436 1997 ab
1451 1942 1579 1999 illecebra
1594 1943 1745 2013 voluptatis

107 2033 268 2090 sciatltomo
285 2035 385 2089 malum
401 2034 473 2106 quod
487 2038 590 2107 patitur
614 2054 648 2094 ex
672 2056 720 2097 sua
739 2041 818 2111 culpa
836 2059 899 2113 pro·
950 2050 1087 2091 coercere.
1114 2034 1192 2103 Quod
1210 2044 1240 2091 ut
1251 2036 1358 2105 impleri
1381 2036 1534 2101 valeamus,
1558 2035 1640 2091 datur
1664 2036 1745 2091 nobis

107 2126 212 2190 venire,
228 2126 252 2183 si
268 2128 335 2198 quid
350 2138 442 2184 autem
463 2130 528 2185 boni
548 2132 685 2200 babuerit,
697 2149 730 2189 ex
742 2136 899 2193 misericor.
950 2129 1106 2199 petentibus
1118 2128 1238 2201 Spiritus
1253 2128 1449 2199 intelligentie,
1465 2136 1494 2183 ut
1507 2130 1616 2183 interna
1630 2128 1744 2185 relectio

113 2216 158 2273 dia
172 2217 283 2273 Domini
303 2220 461 2292 procedere,
478 2238 511 2279 ac
528 2240 576 2295 per
597 2226 648 2281 boc
674 2226 772 2297 discat,
796 2230 853 2285 sire
871 2230 898 2285 in
949 2219 1025 2275 Vssl'bl
1039 2218 1087 2275 Dei
1102 2220 1253 2291 illl’sslifflffl
1274 2221 1441 2276 θῐῑθιῑθῑθῐῐι
1457 2219 1595 2289 θθῑιῑὺθιῑι
1624 2229 1653 2278 θῑ
1666 2237 1743 2276 ¹¹¹0ss-

109 2311 192 2368 malis
215 2328 278 2383 quae
291 2314 421 2382 sustinet,
446 2316 504 2373 sire
518 2316 546 2372 in
558 2318 711 2391 bonisque
732 2338 786 2378 nou
804 2323 897 2392 babet,
952 2323 1005 2371 lem
1021 2313 1138 2385 spiritali
1150 2314 1212 2369 cibo
1222 2314 1391 2382 roboratam,
1414 2330 1466 2369 ncc
1488 2315 1577 2370 valeat
1592 2315 1744 2386 corporalis

107 2410 202 2459 eontra
218 2402 376 2462 Creatorem
405 2422 459 2462 non
485 2407 578 2477 irasci,
594 2410 640 2465 sed
668 2426 717 2481 pei
738 2414 830 2470 omnia
850 2431 899 2485 pa.
949 2415 1058 2477 egestas
1079 2403 1222 2477 frangere,
1250 2422 1302 2463 nec
1327 2407 1421 2463 earnis
1448 2407 1575 2477 voluptas
1601 2422 1744 2477 superare.

109 2494 235 2551 tieptiam
257 2496 397 2552 exhibere.
420 2496 527 2568 optime
540 2513 605 2571 eigo
630 2514 678 2571 pei
709 2505 899 2575 compunctio.
949 2496 1097 2569 Propterea
1108 2512 1227 2569 namque
1239 2496 1373 2555 [lominus
1387 2498 1446 2569 ipse
1462 2499 1591 2554 tentatori
1604 2515 1665 2567 suo,
1677 2500 1743 2556 dum

110 2600 173 2641 nem
200 2584 294 2644 cordis
314 2603 376 2658 quae
399 2586 503 2659 Spiritu
534 2590 656 2647 scientiae
677 2604 809 2663 operante
829 2595 899 2653 inte·
949 2590 1086 2651 esurienti
1098 2591 1151 2650 sibi
1172 2591 1377 2649 fraudulentam
1392 2592 1427 2648 de
1444 2592 1589 2649 exterioris
1610 2593 1691 2663 panis
1703 2606 1741 2647 re

107 2676 166 2732 rius
179 2692 212 2733 ex
227 2678 380 2735 humilitate
395 2680 529 2748 nascitur,
548 2681 589 2737 ira
604 2691 631 2739 ιι
644 2682 795 2757 indignatio
813 2686 899 2743 animi
950 2684 1070 2744 lectione
1089 2687 1295 2759 suggestionem
1315 2685 1437 2755 laceret,
1458 2686 1601 2757 respondit
1624 2685 1743 2742 diceus:

108 2768 262 2843 mitigatur,
284 2770 349 2842 quia
370 2786 520 2829 econverso
544 2773 661 2831 stultum
691 2775 733 2833 ira
757 2777 898 2849 interficit,
954 2797 963 2830 ι
979 2776 1039 2834 Non
1052 2778 1080 2832 in
1094 2777 1154 2835 solo
1174 2791 1247 2848 pane
1262 2776 1330 2833 ririt
1350 2776 1444 2845 immo,
1457 2778 1506 2835 sed
1524 2776 1552 2833 in
1568 2778 1644 2834 omni
1660 2779 1744 2835 verbo

106 2862 218 2932 quanto
229 2862 258 2917 m
272 2864 396 2921 adversis
410 2880 461 2937 per
472 2865 649 2937 impatientiae
660 2868 758 2925 virium
769 2870 898 2943 agitatus,
950 2868 997 2926 bei
1010 2867 1118 2941 (ituoa.
1137 2868 1187 2939 rr).
1200 2887 1210 2921 r
1222 2876 1252 2923 m
1265 2876 1358 2939 aperte
1373 2869 1575 2925 demonstraret
1591 2869 1667 2940 quta,
1679 2868 1742 2925 cum
1846 2875 1855 2886 ’

106 2964 189 3025 atque
203 2966 330 3024 careatus,
343 2958 386 3014 rel
400 2960 503 3015 malum
512 2960 585 3031 quod
597 2962 738 3031 patiturse
754 2966 898 3035 meruisse,
949 2977 1028 3017 mens
1044 2961 1092 3017 illo
1102 2975 1172 3032 pane
1182 2960 1258 3018 intus
1270 2960 1402 3028 relicitur,
1420 2977 1474 3017 non
1485 2976 1650 3033 magnopere
1665 2970 1742 3017 curat

105 3050 148 3104 vcl
161 3050 348 3122 bonumquod
365 3052 458 3121 babet,
483 3070 532 3125 por
557 3055 673 3125 gratiam
689 3058 828 3129 accepisse
843 3075 898 3117 non
950 3052 974 3109 si
986 3052 1054 3109 loris
1067 3052 1101 3109 ad
1127 3059 1235 3123 tempus
1256 3050 1356 3107 tamem
1379 3052 1472 3107 caruis
1500 3051 1631 3123 patiatur.
1656 3051 1741 3108 Datur

104 3141 243 3213 agnoscit.
269 3142 346 3200 lianc
366 3153 457 3201 autem
481 3145 621 3214 virtutem,
648 3147 676 3202 id
703 3156 746 3204 est
765 3164 933 3222 compen-c
950 3159 1017 3217 ergo
1029 3151 1125 3201 contra
1141 3144 1233 3215 gulam
1246 3140 1367 3214 Spiritus
1380 3143 1576 3215 intelligentie,
1589 3144 1638 3199 sed
1651 3144 1697 3199 ille
1709 3144 1742 3201 ad

104 3232 226 3287 ctionem
240 3231 299 3289 sire
309 3232 430 3289 dolorem
441 3234 583 3305 praemium
596 3237 793 3295 consolationis
808 3244 899 3312 seqni-
950 3253 998 3295 cor
1011 3236 1134 3305 verricus,
1149 3236 1280 3293 emundat
1297 3236 1364 3291 illud
1375 3243 1456 3308 atque
1466 3235 1604 3307 purillcat,
1621 3245 1649 3292 ct
1666 3236 1742 3291 illum

103 3334 161 3388 tur,
173 3333 205 3377 ut
220 3324 266 3394 qui
280 3322 326 3377 bie
338 3332 436 3394 sponte
448 3340 542 3381 coram
558 3325 614 3382 beo
637 3342 685 3397 per
700 3329 819 3386 lamenta
831 3332 900 3389 ailli-
952 3328 1112 3385 interiorem
1127 3328 1238 3385 oculum
1250 3342 1284 3383 ιι
1296 3328 1404 3383 ratione
1414 3327 1491 3383 verbi
1505 3326 1554 3383 ιιιι
1578 3328 1657 3398 quasi
1673 3343 1737 3401 quo

102 3416 190 3485 gitur,
222 3413 279 3469 illic
309 3428 403 3470 verum
428 3415 559 3488 gaudium
582 3427 609 3475 et
633 3419 756 3477 letitiam
775 3422 899 3481 inveniro
950 3420 1014 3477 dam
1026 3420 1141 3493 collyrio
1152 3434 1406 3491 sanans,eoosque
1415 3417 1584 3477 luminosum
1597 3430 1680 3493 atque
1700 3436 1737 3478 sc·

102 3514 257 3563 mereatur.
981 3529 1048 3571 mim
1059 3512 1151 3583 efficit,
1175 3522 1206 3570 ot
1219 3514 1254 3570 ad
1270 3514 1358 3584 ipsam
1369 3513 1453 3568 ctiam
1467 3512 1578 3571 deitatis
1588 3515 1743 3571 claritatem

138 3594 246 3664 Quarta
267 3598 363 3669 petitio
374 3608 418 3655 est
433 3609 528 3657 contra
542 3604 698 3672 tristitiam,
710 3620 764 3677 qua
777 3606 897 3665 dicitur:
950 3605 1190 3677 contemplandam
1214 3605 1358 3677 perspicax
1382 3604 1440 3661 liat.
1457 3604 1560 3661 Contra
1581 3606 1677 3661 vitium
1692 3606 1729 3678 igi

102 3706 113 3739 ι
131 3686 240 3743 Panem
262 3697 388 3745 nostrum
414 3692 607 3761 quotidianum
623 3695 658 3749 da
674 3696 756 3751 nobis*
777 3698 868 3757 bodie.
886 3718 896 3751 ι
949 3709 995 3757 tur
1006 3701 1077 3771 gulae
1093 3699 1246 3755 remedium
1261 3699 1424 3770 opponitur,
1440 3698 1546 3755 scilicet
1563 3697 1682 3771 Spiritus
1700 3700 1741 3754 in-

98 3779 230 3836 Tristitia
252 3797 371 3852 namque
392 3784 502 3839 taedium
527 3795 569 3840 est
587 3786 672 3841 animi
690 3802 753 3843 oum
769 3803 898 3859 moerore,
950 3792 1116 3862 telligentiae.
1136 3790 1177 3846 Ex
1190 3790 1295 3861 Spiritu
1316 3799 1409 3847 autem
1434 3790 1619 3863 intelligentiae
1632 3792 1740 3847 muudi·

96 3874 218 3945 quarrdo
235 3890 324 3943 mens,
336 3877 540 3947 quodammodo
555 3878 690 3936 tabefacta
714 3889 741 3938 et
764 3884 900 3940 vitiosae
951 3884 988 3941 tia
999 3882 1093 3939 cordis
1110 3882 1244 3937 nascitur.
1263 3880 1398 3937 ilunditia
1419 3896 1485 3936 rero
1501 3883 1592 3938 cordis
1608 3882 1743 3939 visionem

95 3968 268 4035 amaricata,
283 3968 392 4027 interna
415 3970 487 4025 bona
513 3986 569 4027 ιιοιι
585 3972 696 4043 appetit,
713 3983 796 4045 atque
823 3976 899 4033 omni
952 3974 998 4031 [ιιι
1009 3981 1199 4045 promeretur;
1211 3972 1285 4029 sieut
1298 3973 1487 4043 scriptumest
1500 3991 1507 4026 ι
1522 3991 1532 4024 ι
1550 3971 1626 4028 Beati
1638 3974 1742 4030 munde

94 4060 200 4131 rigore
215 4070 258 4117 est
276 4070 395 4130 mortua,
411 4063 488 4119 nullo
501 4064 655 4135 spiritualis
680 4066 841 4126 relectionis
851 4071 899 4126 de·
950 4064 1044 4132 corde,
1055 4062 1186 4135 quoniam
1200 4062 1252 4134 ipsi
1266 4061 1352 4119 ιιιιιιιι
1366 4062 1498 4119 ridebunt
1512 4063 1623 4135 (llrttlt.
1639 4071 1678 4136 ιι).
1696 4084 1706 4117 ι

94 4154 370 4212 sidertunnarescn.
386 4154 535 4227 Propterea
549 4158 583 4214 at
605 4161 759 4217 sanandum
783 4162 836 4219 boc
859 4165 899 4221 ri·
987 4156 1108 4228 Septima
1124 4156 1378 4227 petitiorsteontra
1392 4155 1541 4224 luxuriam,
1557 4172 1611 4228 qua
1624 4157 1742 4214 dicitur·

94 4248 174 4302 ιιιιιιι
187 4246 331 4317 deprecari
347 4261 398 4303 nos
412 4255 519 4319 oportet
545 4249 761 4308 misericordiam
787 4251 846 4321 Dei,
869 4263 900 4311 ut
954 4248 1076 4305 ‹Libera
1100 4262 1151 4304 nos
1168 4263 1184 4303 a
1208 4247 1292 4303 malo.
1312 4266 1323 4299 t
1344 4245 1545 4303 convenienter
1561 4261 1628 4302 sane
1647 4262 1742 4304 sert-ue

93 4338 160 4411 ipsa
177 4338 259 4394 solita
273 4338 374 4409 pietate
386 4341 486 4397 animae
496 4341 576 4397 taedio
588 4358 638 4399 suo
650 4344 789 4416 languenti
814 4346 900 4402 inopi.
950 4341 1104 4396 libertatem
1117 4338 1195 4409 petit,
1209 4350 1237 4395 ιι
1251 4338 1355 4395 idcireo
1368 4336 1433 4393 huic
1444 4336 1570 4409 petitioni
1585 4337 1666 4393 datur
1682 4338 1738 4407 Spi·

92 4446 139 4486 nae
164 4430 328 4487 relectionis
350 4432 482 4502 pabulum
500 4432 653 4503 admoneat,
679 4444 711 4492 ut
732 4440 805 4509 quod
835 4442 894 4514 ipsi
950 4433 1022 4487 ritus
1049 4428 1201 4500 sapientie,
1225 4427 1273 4498 qui
1300 4427 1430 4484 amissam
1447 4427 1564 4497 'captivo
1590 4428 1742 4482 libertatem

91 4522 207 4579 absens
223 4522 312 4577 nescit
337 4530 475 4593 appetere,
498 4533 580 4595 gustu
603 4526 800 4585 misericordia
824 4548 894 4603 prae-
909 4532 932 4589 lt
946 4523 1081 4589 restituat,
1095 4529 1124 4577 et
1132 4522 1229 4592 iugum
1241 4520 1342 4591 iniquae
1353 4519 1695 4589 dominationisquodsuis
1706 4520 1742 4573 si·

92 4611 193 4669 sentis
220 4612 360 4667 admonita
387 4613 501 4684 incipiat
523 4628 625 4673 amare.
649 4616 736 4673 Datur
755 4635 821 4693 ergo
837 4625 901 4683 buin
952 4618 1029 4675 ribus
1043 4630 1099 4670 non
1114 4614 1211 4681 valuit,
1231 4628 1279 4683 per
1293 4612 1411 4683 gratiam
1434 4612 1545 4684 adjutus
1564 4612 1670 4667 eradat.
1689 4612 1742 4667 Sa-

91 4703 235 4775 petitioni
257 4700 375 4773 Spiritus
398 4703 577 4773 fortitudinis,
595 4715 626 4762 ut
649 4707 819 4767 fatiscentem
842 4716 902 4770 ani·
951 4708 1052 4781 pientia
1068 4720 1221 4777 namquea
1244 4719 1341 4775 sapore
1362 4704 1472 4770 dicitur,
1490 4720 1552 4760 cum
1568 4719 1646 4759 mens
1660 4714 1742 4776 gustu

91 4811 179 4852 marn
194 4795 299 4866 exigat,
326 4803 463 4866 quatenus
481 4796 525 4851 illa
542 4797 649 4868 pristini
671 4800 775 4869 rigoris
800 4802 901 4860 uirtute
950 4802 1065 4857 internas
1082 4796 1236 4854 dulcedinis
1258 4805 1340 4865 tacta,
1357 4805 1440 4851 totam
1456 4811 1487 4852 se
1509 4811 1558 4866 per
1576 4796 1743 4855 desiderium

91 4894 231 4957 recepta,
254 4884 386 4941 adelectu
403 4886 446 4942 sui
468 4888 540 4943 taedii
563 4887 597 4944 ad
611 4886 779 4946 desiderium
800 4893 900 4949 interni
951 4892 1025 4948 intus
1040 4889 1153 4960 colligit,
1167 4904 1219 4945 nec
1232 4888 1300 4944 loris
1316 4888 1373 4958 jam
1388 4898 1516 4945 enervata
1541 4890 1677 4947 incarnis
1694 4907 1742 4949 vo·

90 4977 211 5036 amoris
227 4976 418 5033 convalescat!
428 4976 510 5033 creat
522 4993 587 5049 ergo
603 4976 721 5049 Spiritus
733 4980 901 5041 fortitudinis
950 4982 1053 5053 luptatc
1064 4979 1232 5045 dissolvitur,
1246 4979 1310 5049 quia
1326 4988 1412 5035 totum
1428 4980 1503 5035 intus
1514 4982 1635 5051 possidet
1646 4982 1673 5038 in
1688 4998 1743 5053 quo

90 5073 119 5128 ιιι
133 5070 231 5128 corde
245 5067 343 5124 famem
350 5070 475 5140 justitiae,
488 5080 527 5137 ut,
542 5070 606 5126 dum
619 5071 664 5127 hic
675 5086 724 5141 per
733 5072 899 5131 desiderium
950 5072 1110 5129 delectatur.
1135 5070 1262 5141 Congrue
1285 5071 1367 5141 igitur
1391 5080 1488 5128 contra
1509 5072 1672 5129 exteriorem
1692 5091 1744 5129 ro·

90 5163 217 5236 pietatis
243 5158 351 5218 sortiter
374 5161 543 5229 accenditur,
571 5162 628 5219 illic
642 5179 692 5234 pro
716 5167 829 5235 premio
844 5170 901 5239 ple-
950 5164 1081 5237 luptatem
1095 5164 1208 5219 interior
1223 5162 1338 5219 dulcedo
1352 5164 1508 5234 opponitur,
1521 5174 1551 5221 ιιι
1563 5175 1667 5236 quanto
1682 5167 1743 5237 plus

90 5270 163 5313 narn
180 5253 364 5309 beatitudinis
382 5253 533 5309 satietatem
549 5262 745 5325 consequatur.
951 5256 996 5311 illa
1012 5271 1107 5327 sapere
1120 5264 1149 5311 et
1161 5256 1269 5326 placere
1282 5256 1435 5326 incoeperit,
1446 5266 1523 5313 tanto
1535 5258 1649 5313 liberius
1660 5266 1743 5329 atque

127 5346 246 5416 Quinta
264 5344 360 5416 petitio
376 5356 418 5401 est
430 5353 525 5401 contra
538 5346 758 5418 avaritiamque
779 5349 899 5406 dieitur:
950 5348 1081 5405 libentius
1100 5349 1152 5404 ista
1170 5347 1346 5415 condemnat,
1361 5349 1526 5420 tandemque
1549 5350 1577 5403 in
1597 5348 1742 5419 semetipsa

92 5460 103 5494 r
125 5438 257 5497 Dimitte
272 5437 351 5493 nobis
363 5436 453 5494 debita
467 5446 572 5505 nostra,
598 5438 670 5495 sieut
682 5449 709 5495 et
722 5456 772 5498 nos
786 5441 901 5507 dimitti*
951 5454 1029 5497 mens
1043 5440 1195 5511 pacificata,
1214 5439 1280 5494 dum
1296 5440 1364 5497 nibil
1385 5447 1428 5496 est
1443 5438 1511 5496 loris
1528 5440 1601 5511 quod
1621 5449 1741 5512 appetat,

89 5546 161 5589 tous
190 5530 366 5585 debitoribus
378 5529 521 5585 nostris.»
546 5528 798 5589 lustumenimest
824 5542 854 5588 ιιι
873 5534 899 5590 in
951 5539 1007 5587 tota
1020 5546 1198 5602 peramorem
1213 5532 1288 5587 intus
1303 5532 1466 5601 requiescat.
1484 5530 1604 5601 Spiritus
1616 5546 1681 5602 ergo
1696 5545 1742 5585 sa-

89 5621 248 5682 reddendo
262 5620 355 5676 debito
366 5636 421 5676 non
436 5620 603 5677 debentesse
616 5622 726 5691 annius,
741 5626 827 5696 quiin
842 5627 900 5682 exi·
950 5626 1057 5695 pienter
1072 5640 1119 5680 cor
1132 5639 1182 5679 sua
1194 5622 1339 5681 dulcedine
1360 5631 1484 5695 tangens,
1508 5631 1536 5679 et
1552 5623 1620 5679 ioris
1637 5637 1741 5677 conru-

89 5716 195 5789 gendo
208 5713 331 5770 noluerit
353 5727 536 5769 esseararus.
566 5712 599 5769 Et
610 5708 676 5770 ideo
703 5732 765 5773 cum
788 5720 900 5777 anobis
950 5719 1091 5791 piscantis.
1111 5718 1238 5775 ardorem
1262 5726 1411 5789 temperat,
1440 5725 1467 5773 et
1489 5718 1578 5787 sopita
1610 5712 1737 5786 concupi·

88 5824 139 5881 per
156 5806 216 5864 Dei
227 5806 344 5876 gratiam
360 5804 457 5861 vitium
474 5804 595 5861 avaritie
606 5807 718 5876 tollitur,
744 5810 861 5879 qualitor
881 5826 896 5867 a
952 5810 1055 5867 scentia
1070 5811 1145 5867 intus
1155 5825 1249 5881 parem
1262 5818 1347 5877 creat,
1361 5817 1497 5882 quatenus
1510 5811 1574 5866 dum
1591 5825 1669 5866 mens
1681 5816 1739 5864 tota
