4017 6342
184 384 236 451 art
787 374 934 429 APPEND.
953 372 1000 429 AD
1019 370 1179 430 lroonnn.
1263 432 1267 441 ,
1439 369 1444 379 ’
1774 373 1839 431 m

186 509 244 553 tres
257 505 362 555 sanctae
378 494 515 565 religionis
528 504 619 545 arnore
633 486 768 543 ferventes
781 487 814 540 ad
827 486 863 541 ιι
881 487 982 542 ibidem
997 494 1023 555 Α
1036 487 1104 543 adeo
1114 484 1287 557 probabilius
1303 482 1471 558 disponeret,
1491 492 1523 539 ut
1544 484 1644 547 exinde
1668 482 1795 543 sublatus
1810 484 1840 539 iu

184 599 366 659 congregare,
380 594 408 639 et
424 583 457 636 de
469 580 585 651 propriis
600 576 732 633 reditibus
743 592 799 633 suo
813 577 982 645 hereditatis,
1036 570 1119 648 regali
1134 575 1236 647 palatio
1251 576 1368 647 primum
1381 574 1547 646 capellanos,
1560 576 1736 647 postmodum
1750 572 1842 629 iactus

184 677 286 747 quibus
306 674 453 747 plurimum
475 668 631 725 abundabat
642 666 688 735 ¹¹⁸,
704 666 728 724 ei
746 682 867 739 congrue
887 682 980 723 neccs-
1035 671 1073 735 sit
1085 667 1273 726 cancellarios.
1289 666 1329 727 nn
1343 668 1428 727 etiam
1439 678 1558 741 quantus
1569 666 1651 725 luerit
1662 664 1840 739 priociuibus

184 768 274 824 sorios
299 774 423 834 sumptus
442 761 580 817 ordinare.
606 758 763 828 Cuiusmodi
788 767 879 813 autem
902 756 986 812 laverit
1037 762 1113 833 regni
1127 760 1195 819 satis
1210 762 1347 831 apparuit.

184 871 277 915 rerunt
299 854 400 912 ibidem
419 852 500 909 abeo
518 850 715 907 destinatarum
730 848 883 919 dispositio,
898 848 986 903 conti·
1070 854 1116 911 to.
1136 852 1188 923 oui
1205 852 1407 923 Onrtripotentis
1420 854 1525 911 occulta
1539 852 1717 925 dispositione
1727 850 1762 885 ⁸⁸¹
1775 866 1843 907 ccu-

182 957 231 1005 uet
246 943 426 1018 apostolicum
445 939 615 1014 ortillenltsslt
637 939 786 995 Aletsssstlll
810 953 897 1011 9999,
912 939 984 1009 qnod
1036 945 1456 1003 cediturautistcseturdinatur
1467 943 1721 1001 'iuliensiecclesiau
1733 940 1840 1013 (1979).

183 1038 213 1097 itt
233 1036 321 1094 sancti
342 1032 572 1107 prothomartyris
586 1029 716 1101 Stepltani
740 1029 872 1086 retinetur
886 1032 984 1086 arcita-
1036 1037 1120 1106 Cujus
1133 1036 1277 1095 aedisscinnr
1299 1052 1355 1093 noll
1376 1037 1463 1096 solutu
1478 1036 1678 1107 irnporteclnnt,
1693 1034 1842 1093 sedetiam

186 1128 272 1185 rismo
286 1126 333 1179 ⁸¹¹.
350 1123 405 1181 Sed
419 1134 507 1179 morte
521 1130 676 1194 praeventus
690 1122 811 1191 nequivit
821 1122 855 1177 ad
867 1137 985 1193 unguent
1038 1130 1177 1185 ruinosum
1201 1129 1357 1199 reperiens,
1383 1144 1437 1187 noo
1460 1130 1602 1187 minimum
1625 1126 1769 1190 coridotuit
1791 1127 1841 1193 ⁸⁸¹,

186 1236 265 1277 suurn
287 1216 440 1289 perducere
456 1214 636 1281 desiderium,
655 1213 728 1283 quod
752 1212 915 1283 cuicumque
935 1226 986 1268 suo
1037 1218 1121 1275 immo
1137 1218 1267 1288 repedare
1281 1216 1425 1291 cogitavit;
1449 1219 1529 1290 qttia,
1550 1218 1621 1289 quod
1640 1214 1840 1285 mutaveras

186 1311 350 1380 successori,
365 1308 409 1369 cui
428 1306 578 1364 [tettsrelle
596 1314 624 1361 et
640 1320 719 1377 posse
736 1304 855 1371 dederit,
877 1304 988 1377 reliquit
1038 1310 1125 1367 dirius
1139 1310 1173 1343 ”’
1189 1310 1315 1383 angebat,
1339 1310 1398 1367 sine
1416 1312 1621 1369 intermissione
1644 1310 1843 1381 ingemiscens,

184 1404 337 1479 perducere
351 1404 385 1457 att
400 1400 537 1456 ellectum.
1038 1402 1073 1461 de
1088 1402 1274 1459 consolatione
1286 1401 1322 1435 ¹⁸⁸
1336 1402 1488 1459 anirttarum
1505 1403 1556 1461 sibi
1571 1402 1780 1457 commissarum
1795 1400 1845 1457 de·

222 1496 271 1552 tt.
291 1495 386 1567 ltaque
402 1494 466 1549 urbs
480 1492 592 1549 Leuctra
611 1508 661 1548 suo
683 1502 806 1563 tempore
826 1491 920 1547 multis
939 1490 989 1547 ad·
1039 1493 1175 1563 sperabat,
1199 1492 1328 1565 quoniam
1352 1508 1406 1563 qna
1420 1492 1549 1564 poputum
1573 1492 1683 1549 doceret
1696 1490 1790 1563 tingue
1804 1491 1845 1523 ⁸⁴

186 1589 364 1647 versitatibus
382 1587 418 1631 ”⁸
439 1601 456 1642 a
475 1583 678 1643 circumvicinis
695 1584 731 1619 ”⁸
751 1584 939 1655 compatriotis
960 1592 989 1641 et
1038 1598 1151 1656 prorsus
1174 1584 1328 1655 ignorabat
1353 1584 1410 1639 Sed
1431 1584 1522 1639 aliviua
1542 1583 1628 1639 rirtus
1651 1583 1727 1639 circa
1751 1583 1843 1655 ipsum

187 1680 326 1737 extraneis
339 1688 498 1751 aggravata,
511 1692 564 1734 uon
579 1684 683 1730 tantum
695 1675 781 1731 dohit
793 1675 827 1731 dc.
838 1673 986 1740 laboribus,
1039 1675 1202 1749 dignabatur
1224 1675 1372 1749 gloriosum
1398 1676 1544 1731 ostendere
1569 1674 1749 1743 miraculum,
1778 1688 1844 1730 cum

187 1786 256 1843 quos
272 1786 306 1825 eo
320 1770 428 1824 vivente
447 1777 491 1825 est
510 1780 650 1839 perpessa,
665 1774 796 1837 quantum
815 1764 900 1833 tlevit,
915 1768 987 1837 quoti
1037 1766 1094 1837 jam
1122 1766 1318 1837 sexagenarius
1344 1781 1430 1839 parvo
1455 1764 1565 1837 quidem
1595 1774 1718 1839 tempore
1747 1766 1843 1835 loque·

187 1859 341 1931 lrtrjnsmodi
354 1858 514 1929 sagacitatis
531 1865 558 1913 et
570 1856 685 1911 terroris
697 1870 760 1925 erga
776 1856 920 1911 utilitatem
932 1872 987 1910 strae
1002 1832 1025 1893 Β
1039 1856 1093 1913 tam
1107 1854 1142 1889 ”’
1155 1856 1305 1913 inauditam
1317 1856 1374 1928 (99)
1388 1858 1525 1923 didicerit,
1538 1872 1592 1928 qna
1610 1856 1718 1927 plebem
1737 1854 1843 1925 Citristi

188 1949 310 2007 ccclesiae
325 1950 414 2005 virum
430 1964 483 2004 non
499 1948 550 2003 luit
569 1948 614 2003 diu
637 1946 776 2019 possidere
793 1948 885 2018 digna.
907 1946 987 2012 Natat,
1039 1948 1106 2003 satis
1121 1946 1327 2021 intelligibiliter
1350 1957 1377 2005 et
1403 1964 1419 2005 a
1434 1948 1514 2004 anatis
1528 1949 1661 2005 desistere
1676 1958 1705 2004 et
1726 1963 1845 2020 quaeque

188 2050 219 2096 ιιι
233 2039 290 2110 jam
307 2040 435 2105 diximus,
452 2038 594 2095 castellum
611 2036 817 2107 vallionem,
833 2038 905 2108 quod
919 2051 989 2107 pene
1038 2036 1110 2094 horta
1134 2040 1266 2109 perlicere
1289 2038 1424 2104 edocens,
1450 2039 1574 2109 pervigili
1598 2054 1663 2102 cura
1686 2038 1845 2109 gubernat-c

188 2131 225 2188 tu
238 2132 318 2188 aunis
333 2130 367 2165 ⁸⁸¹
382 2129 554 2187 Learchorutn
574 2128 717 2185 ecclesiam
732 2128 907 2185 vehementer
921 2126 989 2185 atili-
1039 2138 1186 2201 satageret.
1211 2129 1295 2187 Porro
1315 2146 1398 2204 quam
1420 2131 1616 2203 infatigabilem
1634 2132 1664 2187 in
1684 2130 1733 2193 liei
1753 2128 1846 2187 lanam

189 2234 278 2291 xerat,
301 2242 331 2282 se
353 2226 463 2283 vivente
483 2223 653 2281 destrttctum
671 2222 707 2257 ⁸⁸¹
728 2222 842 2290 dimisit,
864 2224 989 2294 quamvis
1039 2218 1096 2275 latu
1120 2234 1150 2277 se
1171 2220 1338 2289 exitibuerit,
1362 2222 1389 2276 in
1415 2220 1499 2278 divini
1520 2220 1602 2277 officii
1626 2220 1769 2277 nocturnis
1791 2222 1845 2275 ho·

189 2318 355 2391 eodemque
370 2326 533 2391 praesentem
557 2318 641 2373 vitam
667 2315 775 2372 trandit
798 2312 896 2371 iraudc
919 2331 988 2387 quo-
1039 2310 1127 2367 ris⁸⁸²
1149 2326 1232 2383 quam
1254 2310 1378 2367 maiduus
1401 2310 1499 2377 luerit,
1518 2310 1545 2367 in
1568 2308 1727 2369 celebritate
1748 2322 1847 2365 sacro·

189 2413 306 2473 tundam
320 2423 485 2471 restructum
496 2413 593 2479 luerit;
605 2427 701 2467 ornnes
714 2410 838 2468 inimicos
849 2427 905 2467 suae
917 2412 990 2467 sedis
1040 2401 1128 2459 witti
1151 2402 1290 2477 misterii·
1316 2402 1432 2459 interius
1456 2402 1539 2459 ⁰⁰¹(st
1563 2411 1694 2471 91999ῑο,
1718 2401 1844 2459 θῐῑθῐῑΰὸ

194 2516 243 2563 aur
260 2506 408 2563 avictosnur
424 2505 578 2576 pecorosi„
594 2518 644 2559 sno
664 2502 719 2559 nne
733 2502 843 2573 lrnbnitg
859 2503 990 2574 quicquid
1040 2512 1122 2567 qttant
1146 2494 1287 2552 sollemnis
1300 2496 1433 2560 estiterit,
1459 2496 1487 2551 in
1513 2497 1601 2553 sacris
1624 2496 1847 2553 ordinationibus

194 2598 230 2655 ad
243 2597 426 2669 pontificalem
442 2596 614 2670 praehendam
636 2596 800 2667 pertinebat,
822 2598 894 2651 sient
914 2607 992 2652 arrtc·
1040 2588 1173 2659 pontiden
1196 2604 1277 2660 quatu
1299 2588 1438 2663 angelinus
1461 2589 1629 2661 apparuerit,
1650 2588 1723 2645 siret
1736 2604 1787 2643 uec
1810 2590 1846 2658 de

194 2705 289 2751 cessar
302 2706 368 2747 suus
388 2688 532 2746 hertoldus
547 2688 646 2759 praesul
670 2696 806 2754 tenuerat,
821 2702 870 2743 suo
884 2699 990 2743 sueces-
1040 2680 1172 2735 memoria
1189 2678 1235 2751 qui
1257 2678 1385 2735 viderunt
1408 2676 1472 2743 labi,
1489 2680 1524 2733 ita
1540 2692 1590 2733 nec
1603 2676 1703 2734 tuturis
1717 2676 1845 2735 mortali·

193 2778 250 2839 sori
263 2778 349 2834 solide
371 2778 527 2834 babendum
551 2777 670 2846 reliquit.
693 2775 764 2845 Ergo
788 2775 859 2831 sieut
873 2790 989 2847 superna
1040 2766 1091 2824 ltus
1105 2768 1184 2825 tacite
1205 2770 1306 2843 poterit
1329 2770 1471 2825 innotesci.
1490 2768 1539 2825 llic
1554 2770 1681 2824 trititirmn
1698 2770 1725 2825 in
1739 2768 1846 2827 eterno·

191 2870 246 2932 tuit
261 2869 386 2927 uoluntas
410 2869 498 2943 pridie
518 2869 580 2924 idus
597 2868 659 2923 tulii
674 2864 778 2938 (1999),
793 2865 826 2929 te
846 2882 901 2922 sna.
917 2867 991 2921 ordi·
1041 2862 1109 2917 sinis
1125 2861 1214 2919 iuerat
1233 2862 1516 2930 misericordissimus,
1533 2862 1560 2917 iu
1578 2862 1786 2933 peregrinorum
1799 2862 1846 2919 vei

191 2964 310 3021 nationis
324 2978 406 3030 antro,
432 2963 467 3018 ab
480 2963 531 3018 hae
546 2961 607 3018 luce
629 2961 784 3016 subtractus
798 2969 840 3017 est
855 2959 901 3028 ⁸⁸³,
919 2968 947 3015 et
962 2960 989 3014 in
1042 2954 1181 3025 hospitum
1194 2954 1366 3024 susceptione
1379 2954 1573 3021 hilarissimus,
1584 2955 1682 3017 vinctis
1694 2965 1723 3009 et
1734 2970 1808 3025 aegro
1822 2954 1847 3013 is

191 3070 249 3111 suae
263 3051 337 3110 sedis
351 3052 466 3108 ecclesia
480 3060 545 3106 ante
559 3050 645 3107 altare
657 3050 744 3106 saneti
756 3049 836 3103 illasii
849 3057 890 3103 est
905 3048 991 3104 hono-
1018 3094 1019 3097 ,
1041 3045 1167 3101 visitator
1183 3044 1333 3119 piissimus,
1356 3046 1383 3101 in
1401 3045 1543 3104 riduaram
1559 3045 1600 3101 vcl
1617 3044 1780 3117 prrpillcmm
1796 3047 1847 3101 rie·

192 3143 269 3202 rihce
284 3141 444 3197 tumulatus.
1004 3176 1026 3235 C
1043 3134 1166 3192 tensione
1184 3136 1368 3209 iustissimus.
1391 3134 1529 3209 prostremo
1548 3135 1574 3191 in
1592 3134 1737 3192 dil-ctione
1754 3136 1792 3195 De
1817 3144 1847 3199 ct

228 3232 274 3289 ⁴5.
296 3232 401 3288 noaino
416 3228 512 3289 udone
526 3231 562 3263 ”’
574 3232 607 3287 de
628 3231 718 3287 medio
731 3230 815 3292 lacto,
827 3228 991 3286 verterabilis
1043 3230 1159 3300 pruritui
1173 3228 1366 3300 perseverabat
1388 3216 1605 3285 'torrentissimus
1618 3228 1663 3281 ⁸⁸⁸.
1679 3226 1846 3299 sicorathi

193 3324 262 3384 Pibo
276 3324 310 3381 ad
333 3323 448 3383 eandem
463 3323 555 3380 sedem
574 3338 638 3379 mox
661 3322 793 3381 suecessit
812 3322 846 3357 ¹¹⁸
866 3322 992 3378 ordinan-
1042 3321 1129 3391 gratia
1151 3318 1294 3392 pertusus,
1315 3333 1502 3388 qtroscutnqne
1522 3334 1621 3390 genere
1644 3318 1686 3383 vel
1712 3318 1738 3373 la
1758 3322 1848 3380 u'tae

194 3416 257 3470 dus.
270 3414 321 3481 Qui
333 3414 491 3487 parasitibus
503 3428 557 3469 non
571 3412 682 3477 inhmis,
694 3413 798 3472 scilicet
810 3424 887 3485 patre
898 3414 992 3469 Tttict-
1045 3412 1182 3469 tenuiores
1198 3412 1223 3467 in
1239 3413 1313 3467 clero
1328 3411 1529 3473 considerabat,
1547 3426 1598 3468 non
1615 3419 1669 3472 tana
1686 3411 1779 3471 verbis
1796 3426 1849 3485 pa·

195 3504 331 3571 uvarum,
358 3515 446 3561 matre
461 3519 525 3561 tero
547 3504 667 3561 ihtdicha
689 3506 854 3577 progenitus,
869 3505 904 3561 de
920 3514 990 3561 terra
1045 3513 1127 3562 ternae
1152 3504 1364 3577 consolationis,
1387 3520 1471 3579 quant
1495 3506 1577 3561 etiam
1603 3506 1686 3569 rebus
1709 3515 1847 3565 sustenta·

196 3594 336 3652 Saxonum
352 3596 484 3651 oriundus
505 3595 606 3655 extitit.
631 3594 682 3661 oni
707 3596 741 3652 ab
763 3607 843 3652 aetate
863 3598 991 3668 pritnauva
1043 3600 1090 3655 hal
1104 3597 1149 3653 ⁸⁴⁸.

195 3686 354 3746 litterarum
366 3686 514 3758 disciplinae
529 3686 656 3752 traditus,
669 3688 719 3742 sub
734 3688 865 3759 trtagistro
878 3688 993 3744 bratteae
1077 3685 1123 3741 tr.
1135 3684 1280 3742 Civitatem
1292 3700 1354 3743 cum
1365 3684 1495 3741 suhttrlno
1506 3686 1657 3755 ceterisque
1669 3686 1728 3742 suis
1741 3701 1846 3757 appeu-

194 3786 292 3850 postea
306 3775 399 3833 tuturo
412 3775 649 3848 Agrippinensium
665 3777 700 3809 ”²
717 3778 842 3847 praesule,
857 3778 992 3833 scolarum
1044 3774 1130 3844 ditiis,
1146 3790 1207 3847 quae
1221 3790 1237 3831 a
1252 3776 1346 3831 diebus
1365 3776 1406 3829 snt
1431 3775 1639 3845 praedecessoris
1650 3774 1686 3808 ⁸⁸⁰
1708 3776 1786 3847 quasi
1799 3776 1844 3833 rte

196 3866 379 3925 excercicium
390 3866 543 3939 transigens
553 3866 598 3934 ¹³⁸,
612 3866 711 3923 divinae
721 3868 901 3925 institutionis
912 3879 993 3937 atque
1043 3877 1117 3925 serta
1128 3867 1247 3937 inerant,
1258 3867 1487 3939 quemadmodum
1499 3866 1718 3938 locupletaverit,
1729 3868 1845 3925 altricia

197 3958 342 4017 mundanae
362 3957 461 4030 peritia
482 3958 605 4030 adprime
628 3960 750 4015 emicuit.
771 3960 836 4015 ticin
852 3976 918 4016 rem
935 3960 992 4029 jain
1044 3974 1094 4015 suo
1109 3966 1397 4029 temporeconstructa
1413 3958 1612 4015 demonstrant.
1625 3958 1758 4029 Quotiens
1771 3958 1845 4016 eninr

146 4094 151 4105 .
198 4051 416 4130 adulescentulus
430 4052 458 4107 in
481 4048 682 4108 halvertetensi
699 4051 813 4108 ecclesia
830 4050 946 4108 efficitur
958 4052 993 4087 ⁸⁸¹
1044 4052 1233 4123 episcopiam
1250 4051 1351 4107 bellum
1367 4048 1542 4115 imtrtirtebat,
1561 4066 1643 4123 quarn
1659 4049 1785 4123 pluribus
1796 4052 1845 4111 '⁸'-

197 4142 355 4207 cauonicus,
378 4142 424 4196 obi
446 4155 554 4197 ottrncnt
569 4141 667 4197 callem
688 4142 839 4214 prudentiae
851 4158 914 4199 cum
935 4159 994 4199 mu-
1044 4158 1145 4209 menso
1157 4158 1213 4200 suae
1227 4142 1391 4199 victualibus
1406 4143 1562 4209 distractis,
1581 4144 1706 4201 ecclesias
1719 4160 1846 4217 paccata

196 4234 275 4289 desta
298 4232 466 4289 tortitudinis
491 4234 650 4304 operatione
673 4232 744 4289 inter
762 4249 930 4305 coaequaevos
956 4238 993 4296 ita
1046 4234 1169 4305 tyrannis
1189 4232 1356 4289 irruentibus
1371 4232 1584 4304 circumquaque
1606 4234 1844 4305 cotnparabat⁸⁸⁸.

196 4326 375 4397 precucurrit
394 4322 441 4393 ⁸⁸⁰,
464 4334 495 4381 ut
521 4335 618 4380 cuncta
645 4324 732 4381 officia
760 4326 845 4397 ipsius
872 4327 996 4385 ecclesiae
1044 4324 1138 4381 Primo
1152 4324 1316 4397 igituradltu
1330 4324 1564 4395 praedictarsancti
1579 4324 1711 4396 Stephani
1724 4326 1846 4386 basiliere

196 4416 327 4491 paulatim
352 4416 520 4488 susciperet,
546 4414 720 4471 innutabiliter
742 4424 902 4489 perageret,
927 4420 993 4487 quin
1047 4418 1143 4478 turrim
1158 4433 1221 4473 cum
1237 4416 1361 4489 gemellis
1385 4416 1595 4487 campanaribus
1616 4417 1706 4487 (199),
1723 4421 1774 4475 sub
1789 4435 1845 4491 qua

196 4509 280 4565 ctiam
295 4508 414 4569 bonores
428 4506 550 4564 ecclesiae
570 4514 684 4564 cuttetos
702 4516 802 4577 praeter
823 4508 993 4578 pontificium
1011 4508 1143 4579 npracsul
1167 4508 1238 4570 idom
1250 4506 1330 4578 juxta
1344 4522 1421 4565 aratu
1437 4514 1540 4569 sanetae
1560 4506 1653 4565 llario
1675 4508 1846 4583 ldagdalenaa

839 4615 957 4675 VARIAE
976 4620 1180 4687 LECTlONESt

233 4711 269 4767 't‘
291 4710 434 4767 habitabat
452 4708 480 4763 5.
532 4710 567 4741 ”’
592 4707 786 4764 archarissimo
810 4710 834 4763 t.
890 4710 925 4744 ⁸¹⁸
948 4711 1165 4771 adversantibus.
1189 4714 1217 4770 t.
1271 4715 1307 4757 ἰ’
1323 4731 1349 4773 c.
1367 4723 1395 4771 et
1423 4731 1450 4773 o.
1479 4716 1507 4771 5.
1562 4716 1597 4749 ¹¹·
1620 4716 1788 4775 vallicoloris
1815 4718 1843 4775 5.

198 4780 234 4816 ⁸⁸¹
254 4780 380 4837 annosi.
437 4778 474 4811 ⁸⁸¹
490 4778 684 4861 destruendum
707 4777 734 4833 3.
790 4778 826 4816 ’⁸⁸
850 4788 892 4835 est
914 4781 934 4836 i.
949 4798 973 4837 s.
1001 4783 1029 4838 ὅ.
1082 4783 1118 4817 ”’
1135 4784 1294 4841 leuchorum
1314 4784 1444 4857 pontiilce
1474 4786 1537 4841 add.
1561 4785 1590 4842 5.
1651 4788 1686 4821 ”’
1707 4804 1731 4842 s.
1758 4804 1796 4842 nt.
1814 4788 1842 4843 5.

197 4852 234 4889 ⁸⁸⁸
254 4851 425 4907 thiemarod.
481 4849 516 4883 ⁸³²
537 4848 747 4918 agripprnesium
763 4850 790 4905 t.
844 4850 880 4884 ”⁸
907 4854 1085 4909 transiensl.
1140 4853 1176 4887 ”’
1206 4856 1277 4911 deest
1296 4856 1323 4909 t.
1378 4856 1413 4892 ⁸⁸⁰
1432 4859 1574 4927 praecurrit
1593 4856 1621 4911 5.
1677 4857 1713 4891 ⁸⁸¹
1732 4860 1845 4925 disper.-

198 4924 306 4979 atione
329 4920 358 4975 9.
412 4919 448 4954 ”’
466 4918 663 4976 cordotnnlt
718 4919 753 4951 ⁸⁸⁸
771 4920 903 4978 duriori.
960 4922 996 4957 ⁸⁸⁸
1013 4924 1202 4980 condoletiotte
1225 4925 1252 4981 t.
1307 4925 1342 4961 ⁸⁸⁸
1359 4925 1504 4997 lingaml.
1561 4925 1596 4959 ³⁸⁰
1621 4928 1698 4997 prius
1722 4929 1787 4983 add.
1814 4928 1843 4981 5.

199 4992 235 5026 ⁸⁸⁷
255 4998 339 5059 atque
350 4989 455 5071 diurnis
473 4990 537 5073 add.
551 4988 579 5044 5.
636 4988 672 5022 ”’
690 4990 742 5058 Qui
756 5004 807 5046 nec
820 4992 950 5074 propiciis
961 4993 1096 5050 exaltatus
1115 5009 1165 5049 nec
1179 4993 1302 5054 adversis
1315 4994 1451 5065 etelectus,
1465 4998 1514 5051 sed
1528 4996 1618 5052 illatas
1632 4998 1682 5059 sibi
1697 5010 1846 5054 corrttnne-

197 5062 251 5119 lias
266 5074 316 5131 pro
324 5058 435 5115 Christe
448 5068 584 5128 patienter
598 5058 700 5126 serens,
714 5075 767 5115 non
781 5060 869 5115 solum
882 5072 954 5118 notis
964 5073 993 5118 et
1008 5064 1104 5125 amieis
1113 5079 1207 5119 verum
1219 5066 1301 5122 etiarn
1318 5065 1434 5123 ittinricis
1444 5067 1592 5137 apparebat
1602 5068 1728 5125 amabilis
1739 5069 1805 5127 odd.
1816 5069 1845 5123 3.

197 5133 232 5170 ἰ’
248 5131 380 5201 ingenuos
392 5139 482 5185 autern
496 5132 605 5212 egregie
618 5131 742 5187 nutriens
753 5129 986 5213 opibusecclesiaa
1007 5149 1055 5190 seu
1069 5135 1248 5206 dignitatibus
1262 5136 1367 5191 ditabat
1379 5136 1485 5191 adde.
1523 5136 1558 5169 ”’
1573 5152 1600 5219 p.
1617 5138 1657 5192 sni
1672 5138 1702 5193 tt.
1739 5138 1847 5207 'ssepi-

196 5198 368 5327 nnis...
385 5199 1847 5367 titillanti·..diiittn¹⁴.tnrr.nntinnitor‘iliillninilnthiegisili

196 5312 493 5402 adutationissadd.h
1204 5314 1212 5343 ’
1545 5338 1557 5345 ”
1601 5350 1603 5353 ’
1642 5338 1646 5348 ’
1711 5342 1713 5345 ’
1828 5338 1831 5349 '

235 5504 293 5575 (99)
313 5503 424 5560 Scilicet
438 5502 580 5559 Gallicam.
599 5502 642 5584 ι’.Ι
929 5574 934 5585 Ι
1050 5504 1117 5561 atino
1135 5504 1318 5563 translationis
1337 5504 1367 5562 S.
1389 5503 1503 5561 Gerurdt
1523 5506 1724 5563 celebrabantur
1744 5508 1848 5565 tortora

235 5574 311 5646 (199)
326 5575 436 5656 ιιιιιοιι,
448 5590 476 5644 p.
489 5574 553 5638 398,
565 5574 617 5627 hoc
634 5586 662 5626 tn
676 5585 703 5624 a.
722 5569 789 5627 root
805 5570 949 5629 collocavit
966 5580 995 5628 et
1049 5584 1104 5629 tcto
1119 5577 1283 5657 cormarrin
1293 5578 1364 5631 dicta
1376 5586 1449 5630 torre
1460 5578 1579 5645 ornatis
1590 5582 1701 5647 torperis
1715 5595 1799 5649 usqae
1810 5579 1848 5633 nat

199 5660 234 5726 ⁸³
248 5640 997 5781 ‘einander-inlinitintinnabant
1050 5644 1413 5771 :alatrinensi
1429 5646 1797 5775 inlitteratnn‘tt
1814 5648 1849 5776 n

200 5726 337 5857 wopaina
355 5791 379 5840 ιι
397 5780 544 5848 ιιιιιιιιιιιι,ι
569 5778 638 5835 urrdc
661 5779 775 5855 quotibet
792 5797 863 5851 anno
885 5784 915 5839 itt
934 5798 1007 5874 crat·¹
1049 5785 1123 5850 clieta
1136 5756 1209 5842 ttt’rre
1226 5784 1305 5857 tintnt
1317 5757 1436 5843 oibetcirt
1453 5795 1477 5841 et
1491 5787 1669 5855 contaminat,
1692 5798 1717 5845 at
1735 5760 1846 5854 ἇιιιιιιιι
