4017 6342
972 164 989 197 Ι

123 322 187 381 lili.
565 306 852 367 btttounmoutls
871 310 922 367 SS.
943 309 1100 365 tutudit.
1120 341 1155 351 -
1173 309 1238 363 thl.
1259 308 1289 365 ll
1435 335 1448 364 ·.·
1664 313 1736 371 3ng

120 439 187 509 gum.
205 426 263 483 ttae
277 431 319 481 εει
340 422 537 503 ειιιιειιειιειιιιΙ
548 420 686 493 Ecclesiae,
703 424 726 480 si
742 424 825 497 capiti
840 440 891 481 suo
905 430 928 491 Α
944 425 1101 481 necessaria
1123 430 1243 479 tractam
1260 437 1325 493 pars
1341 422 1476 494 'torporis
1501 424 1603 482 Christi
1621 428 1735 489 sinistra

120 526 176 584 vem
192 518 268 579 unqq
941 526 1026 573 suut:
1042 515 1135 573 clerici
1148 532 1214 572 uero
1228 517 1359 586 quoniam
1373 534 1405 573 ea
1416 520 1518 590 quand
1533 521 1682 591 spiritalem
1694 526 1735 579 ui·
1818 589 1821 595 ,
1879 532 1885 537 ’

369 602 436 659 Ιιεηι
449 604 481 659 de
496 602 624 661 licrieaia.
941 616 995 662 tam
1012 608 1147 678 pertinent
1166 607 1337 677 dispensant,
1364 610 1443 679 quasi
1467 611 1562 666 dextra
1581 628 1645 683 pars
1671 626 1735 672 suut

148 702 257 761 Ecclesia
269 706 360 755 sancta
375 714 472 769 corpus
485 697 586 753 Christi
601 706 653 763 est,
669 714 725 754 uuo
738 698 837 770 spiritu
848 700 889 755 ui·
939 701 1064 770 corporis
1076 698 1188 757 Clu-isti.
1203 698 1236 755 Et
1252 711 1407 757 constater
1432 703 1474 759 liis
1489 704 1596 760 duabus
1609 707 1734 777 partibus

115 800 211 856 uibrata
224 802 250 849 et
262 791 333 845 urtita
349 788 401 843 lade
416 805 469 844 una
486 798 513 845 et
528 790 705 845 satietilicata.
728 789 814 862 liujus
828 807 889 845 cor·
940 802 1027 849 totum
1049 809 1150 863 eorpus
1170 792 1295 848 Christi:
1312 795 1386 865 quod
1406 805 1448 851 est
1464 798 1591 853 uniuersa
1606 800 1732 857 ecclesie.

115 890 181 963 poris
207 883 323 941 membra
353 881 451 953 singuli
484 882 585 953 quique
611 882 730 937 uestium
756 884 886 951 existunt,
939 885 1038 940 laicus
1063 886 1256 956 interpretatur
1279 886 1426 956 popularis.
1455 886 1548 945 Graece
1572 891 1643 945 euim
1673 893 1733 950 laos

114 995 198 1039 omues
211 989 305 1046 eorpus
320 989 405 1028 unum
427 982 538 1043 propter
562 974 687 1044 spiritum
707 991 790 1029 uuum
805 984 833 1029 et
853 976 883 1029 ii-
938 974 1131 1031 latinedicitur
1142 976 1270 1047 populus.
1284 973 1522 1035 Uudeetbasileos
1533 981 1695 1050 rexdicitur,
1706 994 1734 1040 et

113 1076 167 1130 deta
184 1082 271 1126 unatu.
294 1064 528 1131 Quemadmodum
546 1074 636 1121 autem
663 1068 689 1121 iu
704 1080 817 1137 corpure
834 1068 885 1121 lut·
937 1066 1027 1121 dictus
1042 1066 1242 1137 putaturquusi
1259 1066 1387 1133 basilaos,
1399 1068 1479 1123 idest
1497 1080 1732 1129 sustentamentum

111 1177 183 1220 mano
198 1158 299 1229 singula
319 1172 436 1227 quaeque
459 1157 581 1213 membra
602 1159 711 1229 propria
723 1175 755 1214 ae
768 1160 886 1215 discreta
936 1159 1039 1229 populi.
1055 1159 1180 1215 Clericus
1191 1159 1292 1214 dicitur
1306 1174 1321 1213 a
1334 1159 1430 1215 Graeco
1455 1161 1542 1218 eleros
1560 1168 1633 1235 quod
1645 1168 1731 1223 iuter-

111 1254 187 1311 oilicia
212 1250 327 1316 habent,
356 1260 383 1303 et
408 1256 498 1304 tamen
520 1251 735 1321 unumquodque
754 1266 807 1306 uon
835 1253 886 1307 soli
936 1260 1072 1321 pretatum
1087 1261 1166 1307 sonat
1185 1258 1293 1315 sortem,
1308 1250 1459 1322 sicciquod
1472 1254 1530 1324 ipse
1545 1266 1619 1312 sorte
1629 1259 1732 1317 electus

110 1347 155 1403 sihi
166 1342 216 1415 agit
227 1340 296 1413 quod
317 1339 404 1395 solum
429 1340 493 1411 agit,
510 1340 550 1396 sie
571 1342 598 1395 iu
614 1356 728 1413 empore
739 1343 809 1399 dotia
825 1328 887 1413 εἰει·
937 1342 973 1396 ειι
987 1358 1001 1397 a
1014 1341 1081 1409 lico,
1096 1351 1123 1397 et
1137 1342 1170 1398 ad
1182 1342 1324 1397 seruitium
1340 1341 1399 1409 bei,
1415 1344 1472 1399 site
1486 1348 1559 1415 quod
1584 1348 1642 1417 ipse
1659 1348 1732 1407 Deus

109 1440 196 1495 tiarum
218 1430 359 1489 distributa
380 1441 444 1487 sunt
455 1440 482 1488 et
493 1442 595 1501 tamen,
622 1435 812 1505 unusquisque
831 1451 886 1490 uon
936 1449 997 1489 sors
1011 1434 1085 1489 illius
1099 1434 1145 1500 sit,
1160 1445 1187 1489 et
1207 1434 1280 1504 quod
1294 1434 1446 1517 portionem
1459 1436 1539 1491 aliam
1552 1437 1579 1492 iu
1592 1450 1663 1495 terra
1679 1440 1730 1496 lta-

108 1530 153 1586 sili
169 1526 217 1585 soli
229 1526 307 1580 baltct
319 1524 400 1579 etiam
420 1524 446 1580 id
460 1525 532 1596 quod
549 1526 625 1581 solus
639 1526 728 1581 hahet.
744 1525 800 1582 Soli
811 1527 884 1583 euim
935 1522 999 1579 bere
1013 1539 1068 1579 stou
1081 1524 1303 1580 debeatclerieus
1313 1524 1365 1580 uisi
1378 1523 1473 1593 Deum,
1484 1535 1511 1581 ει
1520 1541 1552 1581 ca
1563 1544 1624 1598 qum
1634 1530 1669 1584 atl
1682 1529 1730 1586 Dei

107 1620 171 1676 oculi
185 1617 282 1683 rideut,
300 1622 326 1669 ει
349 1623 438 1670 tamcu
455 1616 506 1670 sibi
520 1617 692 1673 solummodo
706 1632 760 1673 nou
781 1618 883 1683 uident,
936 1628 1041 1687 parturn
1055 1625 1190 1687 spectant.
1204 1616 1254 1672 Cui
1267 1625 1399 1673 statutum
1422 1626 1464 1673 est
1477 1618 1591 1677 decimis
1609 1630 1637 1676 et
1654 1622 1732 1677 oblu-

106 1712 145 1769 εει
162 1709 204 1765 ιοιι
220 1706 334 1779 corpori.
356 1704 426 1763 sua
436 1722 517 1763 aures
530 1708 654 1777 audiunt,
670 1726 720 1765 nec
732 1719 823 1767 tamen
839 1726 884 1766 so-
935 1708 1057 1763 tionibus
1070 1723 1131 1778 quac
1142 1706 1198 1763 Deo
1211 1706 1374 1774 olleruutur,
1387 1711 1546 1764 sustentari.

105 1798 231 1857 lummodo
244 1798 294 1853 sibi
312 1798 437 1861 audiunt,
451 1798 498 1854 sed
523 1800 572 1854 toti
588 1802 708 1872 corpori.
726 1802 782 1857 Soli
796 1803 880 1874 pedes
898 1787 918 1845 Β
969 1800 1060 1857 Laicis
1075 1798 1240 1856 Christianis
1256 1800 1497 1857 fidelibusterrcna
1515 1804 1731 1874 possiderecou·

104 1894 240 1956 ambulant,
265 1900 292 1947 et
312 1906 365 1946 uon
394 1890 446 1947 sibi
474 1898 564 1947 tamen
589 1893 762 1949 solummodo
785 1894 881 1951 atubu-
934 1894 1051 1961 aeditua,
1065 1893 1174 1949 clericis
1188 1908 1253 1948 tero
1267 1894 1418 1964 spiritualia
1434 1904 1540 1951 tatttttm
1553 1899 1729 1954 cornutittun·

103 1988 160 2054 lant,
182 1984 226 2039 setl
254 1982 300 2038 toti
327 1982 446 2054 corpori,
470 1992 498 2039 ct
522 1985 556 2040 etl
571 1984 645 2041 lruuc
657 1987 768 2041 metium
782 2003 882 2043 unum·
933 1994 988 2053 tur,
1005 1986 1236 2057 quemadmodum
1252 1987 1319 2040 olim
1339 1987 1367 2040 in
1383 1988 1429 2043 illo
1454 1989 1555 2058 populo
1570 1989 1661 2061 priore
1672 2006 1726 2048 cte-

102 2078 216 2147 quodque
239 2074 320 2129 hahet
351 2076 440 2131 solum
469 2074 498 2129 iu
537 2093 586 2145 se,
621 2091 675 2131 nou
706 2078 880 2135 solummodo
933 2086 996 2133 terae
1008 2076 1104 2142 turbae,
1121 2095 1182 2149 quae
1199 2086 1291 2149 typum
1304 2078 1436 2135 laieorum
1448 2080 1638 2151 praelerebaut,
1660 2100 1727 2155 porn

102 2169 172 2223 lubet
191 2184 236 2237 per
257 2182 287 2222 se
309 2175 446 2237 quatenus
467 2170 618 2225 secuudum
644 2168 878 2241 dispensationem
932 2169 1021 2225 tiones
1051 2172 1078 2223 ιιι
1102 2171 1261 2226 haereditate
1275 2181 1450 2242 acceperuut,
1471 2174 1530 2229 sola
1546 2176 1634 2231 trihus
1648 2174 1725 2240 Leri,

100 2260 184 2329 optimi
203 2260 339 2330 largitoris
354 2273 381 2317 ει
397 2260 585 2317 distributoris
609 2262 803 2333 sapientissimi
819 2265 879 2319 siu·
930 2274 992 2330 quae
1011 2260 1127 2316 clericos
1153 2261 1288 2329 ligurabat
1313 2262 1428 2317 decimis
1452 2271 1479 2319 et
1494 2264 1680 2321 oblationibus
1698 2277 1726 2323 ot

99 2351 657 2426 qulasintomuiumetomniasingulorum.
670 2353 800 2426 Quisquis
813 2370 879 2427 ergo
930 2349 1127 2405 sacriticiorum
1142 2352 1261 2407 victimis
1273 2355 1446 2423 pascebatur.
1459 2354 1573 2410 Consiua
1589 2356 1725 2427 siquidem

98 2442 188 2497 donum
200 2442 293 2513 pratitas
309 2441 357 2497 bet
373 2444 512 2515 percipere
523 2446 632 2512 meruit,
653 2447 721 2501 sciat
734 2462 788 2501 nou
802 2447 835 2501 atl
849 2462 878 2503 se
928 2450 971 2495 εει
983 2440 1112 2497 Ecclesiae
1123 2443 1306 2512 pulchritudo,
1319 2462 1373 2500 tana
1386 2463 1467 2517 quam
1479 2447 1524 2503 ltic
1534 2448 1601 2503 bene
1612 2451 1726 2507 uiueudo

98 2536 174 2589 sotini
188 2534 321 2604 perstitere
346 2535 419 2605 quisti
440 2536 521 2591 habet
544 2538 626 2593 etiam
650 2538 673 2595 si
694 2540 770 2593 sotus
785 2539 876 2593 iiiios.
929 2534 1117 2603 consequitur,
1133 2534 1217 2589 altera
1232 2551 1282 2607 per
1304 2552 1388 2607 quam
1408 2540 1473 2594 illuc
1494 2558 1528 2595 cr
1550 2542 1727 2601 tribulatione

97 2626 147 2683 iiic
166 2624 254 2697 itaque
277 2628 458 2685 similitudine
492 2629 613 2687 Ecclesia
648 2640 758 2698 sancii,
785 2632 878 2687 idest
929 2622 1720 2705 glorilicnbitur.EcclesiaepropterCluistumgentiuaetri·

96 2718 246 2773 universitas
265 2718 386 2774 bdelium
399 2736 499 2791 corpus
517 2720 619 2777 Christi
637 2732 749 2779 tueatur
766 2733 877 2794 propter·
929 2714 1085 2770 bulaliffllls
1098 2714 1229 2784 θῐῑῦῑιιιιῑ,
1244 2718 1271 2774 Μ
1284 2729 1326 2775 ⁰⁵²
1339 2720 1397 2775 δῑιθ
1420 2738 1491 2793 (illos
1505 2740 1521 2778 a
1534 2724 1648 2795 uagatus
1663 2742 1723 2797 iter-

95 2811 206 2881 spiritum
222 2810 327 2868 Christi
345 2829 426 2884 quem
439 2815 552 2885 accepit.
569 2815 654 2887 Cujus
665 2816 876 2887 participatioiu
928 2807 991 2862 ῑϋΙῑῑ
1020 2807 1048 2861 ῑῦ
1077 2809 1254 2879 militibus,
1278 2811 1336 2866 Sile
1350 2826 1421 2883 (i1108
1444 2814 1489 2885 ab,
1500 2816 1635 2871 ltaet'elicis
1659 2833 1724 2887 iter·

93 2906 191 2958 nomine
212 2904 382 2975 designatus,
405 2908 515 2977 quando
538 2906 678 2965 aciiisiq
701 2906 876 2965 ciii-ispanus
927 2894 980 2953 sert
994 2898 1022 2953 ιιι
1049 2899 1146 2955 diuisis
1173 2904 1434 2960 correertatiouibus.
1468 2902 1604 2978 Utrosque
1632 2919 1724 2965 autem

92 2994 239 3063 appellatur.
254 2992 416 3069 llocitaque
428 3012 528 3053 uomeu
546 2998 637 3071 signat
652 3000 775 3055 membra
795 2998 875 3055 Chri·
926 3001 974 3056 Pel
986 2989 1101 3059 Cliniam
1125 2989 1174 3045 ”2³¹
1195 3002 1343 3063 ⁰¹⁵⁰l⁰l³¹
1366 2995 1466 3064 partim
1492 2994 1604 3053 sel0¹¹d⁰
1624 3000 1724 3067 partim

91 3088 119 3141 sti
131 3086 317 3158 participantia
330 3088 437 3159 spiritui
451 3089 564 3159 Christi,
579 3100 609 3147 ut
624 3091 658 3147 ab
675 3100 758 3147 uueto
774 3092 810 3149 sit
823 3109 875 3147 uu·
925 3078 1089 3136 ῐθὸῑῦῑθιιᾶθ·
1119 3082 1219 3139 Sancta
1242 3084 1366 3141 Ecclesia
1389 3086 1531 3143 Catholica
1559 3089 1629 3145 sicut
1652 3092 1724 3147 tnale

90 3188 152 3245 ctus,
173 3180 247 3249 quia
270 3178 386 3236 christi,
411 3182 511 3237 iiiitui
534 3180 718 3239 christianus,
746 3183 872 3239 ciiiisius
887 3156 908 3215 C
925 3171 1048 3230 uiuentes
1061 3174 1088 3229 itt
1105 3191 1135 3231 se
1154 3176 1253 3231 tolerat
1273 3178 1417 3248 patienter,
1433 3180 1470 3234 ita
1494 3180 1564 3235 male
1579 3180 1723 3239 credentes

88 3271 176 3341 quippe
191 3281 289 3329 unctus
302 3274 463 3344 intempore
474 3275 522 3330 illu
535 3276 663 3332 uidelicet
679 3275 739 3331 oleo
761 3274 872 3344 laetitiae,
924 3278 994 3320 ΗΘ
1025 3268 1140 3336 rebellit-
1169 3266 1270 3324 Sancta
1297 3268 1419 3325 Ecclesia
1445 3279 1540 3326 contra
1578 3273 1723 3344 gentilium

88 3364 151 3431 quoti
165 3379 218 3434 prae
229 3366 339 3421 caeteris
353 3365 532 3437 participibus
543 3367 601 3423 suis
620 3368 771 3423 secuudum
785 3367 873 3438 pleni-
923 3364 1005 3427 atque
1019 3357 1209 3414 'laelfflifflsllffl
1219 3360 1410 3430 ilel'l'lfflciilss·
1423 3378 1597 3433 ⁵¹¹¹¹¹¹¹¹⁰l³ere
1611 3364 1723 3436 Sillim·

87 3453 196 3509 ttttliueui
221 3457 341 3527 accepit,
357 3464 384 3513 et
396 3458 503 3513 cunctis
514 3459 694 3529 participibus
721 3459 779 3515 suis
792 3460 872 3531 quasi
923 3449 1004 3504 tiaeet
1019 3450 1156 3520 patientioe
1171 3452 1271 3507 studet.
1290 3452 1342 3507 Sed
1356 3462 1498 3508 exercetur
1509 3455 1641 3525 sapientia
1656 3472 1721 3513 cum

85 3554 158 3614 eaput
166 3548 296 3605 membris
309 3549 462 3605 seeundum
474 3550 708 3621 participationem
725 3550 873 3607 transfudit
923 3550 1045 3598 lssnlliul
1055 3544 1160 3612 verbis;
1170 3554 1312 3601 Θῐθιθθῑΰι
1323 3547 1451 3616 libentia
1460 3562 1522 3601 ιιι]
1533 3556 1653 3602 tetstatur
1664 3548 1723 3619 ιιι·

85 3640 161 3709 (Ρειιι,
188 3641 274 3715 xllt').
298 3642 379 3698 Sicut
393 3651 563 3713 unguentum
581 3643 607 3697 in
628 3644 716 3714 capite
736 3643 809 3714 quod
823 3644 872 3701 de·
922 3635 984 3690 diis.
998 3634 1088 3691 Cirtisa
1102 3639 1245 3708 pravilatis
1268 3639 1403 3694 itaetulicae
1426 3639 1559 3695 doctrinis
1574 3650 1722 3713 propagata

84 3734 203 3789 sccudita
220 3736 313 3806 capite
326 3734 354 3790 in
366 3735 489 3801 barbam,
505 3745 532 3790 ct
544 3734 641 3791 deiude
655 3751 743 3805 usque
756 3736 783 3788 iu
794 3750 871 3790 oram
922 3737 965 3785 est
984 3728 1118 3787 Ecclesia.
1141 3730 1209 3787 Nato
1232 3743 1312 3787 attica
1335 3733 1453 3804 simplici
1479 3736 1649 3791 tantumdem
1666 3736 1721 3791 titio

83 3824 413 3899 (Prahcxxxuiltoeest
435 3826 808 3883 extremitatcmuestitueuti
825 3826 873 3881 dc·
922 3822 1039 3892 t'igsbut.
1064 3820 1262 3879 llaereticorutu
1293 3824 1376 3895 igitur
1405 3827 1552 3881 occasione
1577 3830 1720 3899 propagati

82 3914 162 3981 butit,
177 3926 207 3973 ut
230 3918 265 3973 ud
284 3928 376 3973 totum
399 3918 541 3985 debueret,
565 3927 592 3973 et
609 3926 696 3972 totum
712 3914 871 3971 ritistcaret.
922 3922 987 3967 sum
1004 3912 1132 3968 doctores
1147 3913 1174 3967 iu
1189 3915 1242 3969 tide
1253 3925 1281 3968 ct
1304 3930 1353 3984 per
1373 3931 1489 3971 acumen
1509 3918 1653 3973 ltaeresium
1670 3918 1721 3973 Ec-

81 4008 186 4073 Quaudo
214 4009 300 4081 igitur
336 4007 510 4066 Christianus
547 4007 681 4077 efficeris,
717 4007 871 4063 membrum
922 4003 1013 4059 etesiae
1024 4005 1146 4075 magistri
1159 4014 1314 4059 creuerunt.
1332 4002 1401 4059 Nam
1423 4017 1488 4060 tunc
1509 4008 1611 4063 clarius
1625 4009 1716 4063 maui-

80 4099 173 4156 Christi
186 4100 319 4169 efficeris,
337 4102 492 4157 membrum
503 4102 627 4173 corporis
645 4100 747 4155 Christi
759 4100 871 4171 pertici·
921 4094 1037 4151 testatur
1051 4097 1173 4152 ueritatis
1186 4098 1303 4153 assertio
1327 4098 1438 4167 quando
1455 4100 1574 4168 patuerit
1590 4100 1718 4170 quaelibet

78 4204 139 4259 ptus
153 4192 264 4263 spiritui
288 4192 407 4247 Christi.
434 4191 504 4261 Quid
529 4200 572 4247 est
592 4206 658 4264 erpo
672 4188 802 4259 Ecclesia,
817 4190 871 4247 uisi
921 4187 1068 4244 dissensio.
1086 4188 1186 4244 Sancta
1208 4188 1332 4245 Ecclesia
1359 4190 1420 4245 ideo
1439 4189 1540 4245 dicitur
1565 4190 1719 4261 Cutlntliea,

78 4282 216 4338 multitudo
232 4283 372 4349 bdelium,
384 4282 550 4339 anniversitas
564 4280 795 4337 Christianorum.
807 4278 872 4335 Uni-
921 4295 971 4350 pro
984 4280 1102 4349 eoquod
1119 4281 1310 4337 uniuersaliter
1320 4298 1369 4353 per
1391 4297 1501 4337 omnem
1524 4284 1561 4339 sit
1583 4285 1718 4341 muudum

77 4374 183 4431 tersites
205 4376 267 4433 baec
295 4376 370 4431 duos
395 4374 507 4431 ordines
531 4374 733 4446 complectitur,
749 4374 872 4429 laicoset
921 4369 1032 4426 diffusa.
1047 4368 1318 4429 tlamttaercttcoruru
1331 4372 1719 4446 Ecclesiaeiupartibusutun·

76 4464 286 4537 clericos,quasi
298 4468 357 4523 duo
369 4466 587 4536 lateracorporis
599 4466 690 4521 unius.
700 4464 784 4533 Quasi
795 4464 868 4520 euim
885 4462 950 4563 l3tli
971 4472 1168 4533 coarctamur;
1190 4464 1236 4521 hic
1256 4481 1321 4521 vero
1340 4467 1370 4522 ιιι
1393 4474 1451 4521 toto
1466 4466 1532 4523 orbe
1553 4470 1718 4540 expanditur

74 4556 408 4617 adsiuisttamsuutlaici
422 4558 471 4631 qui
483 4558 693 4631 ritaepraeseutis
708 4557 870 4613 necessitate
923 4556 1032 4613 diffusa.
1053 4554 1176 4615 llaereses
1189 4566 1237 4613 aut
1257 4558 1285 4613 iu
1310 4560 1404 4630 aliquo
1427 4560 1528 4632 angulo
1552 4562 1646 4617 muntii
1669 4572 1718 4620 aut

74 4652 199 4708 sortiunt.
221 4651 286 4709 Non
304 4653 344 4709 ita
360 4652 422 4709 dieo
437 4653 471 4707 ad
483 4652 623 4708 sinistram
638 4650 869 4722 quemadmodum
922 4650 949 4705 in
967 4667 1022 4707 uua
1034 4660 1114 4723 geute
1126 4651 1303 4707 inueniuntur
1316 4654 1432 4722 uersari,
1451 4652 1574 4709 Ecclesia
1585 4668 1650 4709 uero
1664 4652 1718 4711 Ca·

72 4739 105 4795 illi
120 4742 152 4800 ad
174 4744 326 4801 sinistram
349 4752 514 4812 statuentur,
526 4744 627 4815 quibus
648 4744 774 4799 dicetur:
796 4760 806 4793 ι
820 4740 869 4807 Ιιε,
922 4742 1034 4809 thelica,
1049 4744 1180 4814 sieutper
1191 4751 1278 4799 tetum
1295 4746 1429 4801 usuardum
1444 4745 1610 4811 extenditur,
1633 4745 1670 4801 ita
1688 4754 1717 4803 ct

70 4836 213 4908 maledieti,
229 4838 370 4911 inignem
386 4850 518 4895 aeteruum
545 4838 656 4911 ittattn.
671 4838 746 4909 xxv).
767 4838 870 4893 »Absit
921 4836 1045 4891 omnium
1070 4836 1193 4906 gentium
1217 4839 1347 4893 societate
1368 4838 1548 4895 construitur.
1577 4837 1629 4906 Qui
1650 4850 1717 4897 suut

69 4942 135 4987 ame
150 4940 181 4989 ut
200 4932 297 4991 bonos
313 4932 400 4989 laicos
413 4934 449 4989 ibi
468 4942 588 4989 statuere
604 4934 786 5003 praesumenti
800 4929 869 4987 Nam
921 4926 1053 4994 baeretici,
1068 4927 1121 4982 nisi
1137 4928 1195 4999 qui,
1210 4929 1308 4984 relicta
1320 4927 1367 4984 llei
1383 4928 1517 4997 Ecclesia,
1532 4929 1715 5000 putatasete

68 5010 188 5088 qui'ltoui
204 5032 305 5091 esunt,
323 5024 380 5080 sive
393 5023 456 5080 laici
471 5022 528 5079 sive
542 5022 644 5088 elerici,
660 5021 697 5077 ibi
709 5035 764 5076 nou
776 5028 868 5089 eruut,
920 5031 1020 5092 gerunt
1033 5022 1189 5078 societates.
1205 5019 1243 5077 be
1256 5023 1358 5093 quibus
1380 5020 1514 5077 Dominus
1532 5022 1614 5078 dicit:
1628 5042 1638 5075 t
1655 5022 1715 5081 Duo

67 5118 91 5165 ct
103 5113 150 5185 qui
173 5116 241 5171 mali
259 5123 358 5183 eruut,
373 5116 430 5171 sive
443 5115 506 5171 laici
532 5115 590 5171 siue
607 5113 710 5181 elerici,
725 5113 762 5169 ibi
777 5120 867 5169 eruut.
920 5116 993 5169 mala
1010 5114 1074 5171 iecit
1088 5116 1205 5186 populus
1218 5131 1313 5171 meus:
1330 5116 1371 5172 lle
1395 5117 1715 5189 dereliquerantioutcm

65 5200 121 5259 Nun
135 5221 204 5281 erpo
218 5208 255 5263 ad
271 5207 350 5262 illam
367 5208 506 5264 sinistram
521 5207 607 5263 laicos
620 5203 801 5271 Christianos,
821 5204 868 5275 qui
920 5220 998 5276 squar.
1012 5206 1090 5273 uita,
1102 5216 1130 5261 et
1141 5207 1268 5263 foderunt
1280 5208 1333 5263 sibi
1349 5208 1483 5265 cisternas
1499 5226 1561 5281 quae
1575 5212 1715 5267 continere

65 5310 124 5352 tere
141 5297 303 5357 Christiani
329 5307 403 5369 suut,
429 5300 578 5368 constituo,
595 5300 643 5356 sed
661 5298 784 5355 etlilium
800 5296 868 5352 siui-
919 5314 974 5353 nott
987 5299 1079 5354 raleut
1093 5315 1179 5371 aquas
1193 5300 1261 5371 (ier.
1274 5303 1334 5372 tri.»
1350 5301 1440 5357 Carasa
1455 5302 1567 5359 haeresis
1580 5303 1616 5358 ob
1630 5319 1713 5373 quatu

63 5398 145 5447 stram
160 5394 269 5465 deque
283 5394 405 5449 dieitur:
422 5414 431 5445 t
446 5394 475 5448 lu
491 5393 587 5449 dextra
601 5394 661 5465 ejus
672 5391 867 5463 longanimitas
919 5406 976 5445 retu
995 5390 1073 5455 suad
1085 5392 1310 5449 exercitationem
1336 5393 1409 5448 nuci.
1429 5391 1478 5448 lis
1489 5408 1555 5464 ergo
1567 5410 1615 5463 per
1629 5409 1713 5465 quam

61 5481 136 5553 sitm
154 5486 184 5541 iu
195 5486 320 5543 sinistra
336 5494 426 5543 autem
440 5486 500 5556 ejus
511 5486 613 5541 diuitiae
628 5496 654 5541 et
669 5484 757 5557 gloria
773 5482 865 5553 (Pseu.
918 5484 958 5547 lit,
982 5483 1139 5539 obscuritas
1157 5493 1200 5540 est
1218 5485 1373 5543 diuinarum
1391 5484 1606 5554 scripturarum,
1617 5485 1644 5537 in
1657 5499 1712 5553 qua

60 5578 110 5645 tui.
126 5596 136 5630 ι
148 5578 205 5647 Qui
224 5580 307 5636 euim
325 5577 359 5633 ad
371 5578 511 5636 sinistram
523 5580 551 5633 iu
566 5592 681 5649 corpore
690 5585 743 5643 εει,
757 5576 791 5631 dc
802 5590 865 5631 cor·
919 5576 1070 5645 caligantes
1084 5575 1205 5631 haeretici
1216 5619 1223 5643 ,
1236 5577 1310 5632 aliutl
1326 5590 1408 5647 quem
1421 5590 1450 5631 se
1461 5590 1505 5629 res
1518 5573 1600 5627 habet
1611 5572 1712 5628 iutelli-

57 5676 188 5739 pareest,
205 5679 236 5727 ει
250 5670 363 5727 bonum
379 5679 431 5738 cst,
443 5668 569 5742 quamtis
590 5669 723 5741 optimum
746 5683 799 5723 uon
818 5666 863 5723 sit.
917 5674 994 5738 gsiut.
1015 5666 1145 5725 Necesse
1159 5678 1275 5740 possunt
1298 5670 1428 5732 haereses,
1449 5666 1514 5735 quia
1533 5666 1622 5735 ipsum
1635 5663 1710 5734 quod

56 5754 213 5837 Laiciergo
227 5761 466 5835 Christianiquu
491 5771 597 5818 terrena
621 5768 649 5817 et
673 5770 789 5817 terrena
804 5760 864 5819 uitae
918 5759 1039 5815 esistunt
1061 5759 1190 5828 haereses,
1214 5760 1270 5832 iarn
1290 5774 1344 5815 uon
1372 5766 1446 5816 statrt.
1466 5755 1536 5813 llale
1557 5758 1631 5813 euim
1645 5770 1710 5814 sett-
