4017 6342
279 322 350 378 {ope
827 306 988 363 wonrttnt
1008 306 1154 363 subarts
1173 306 1202 363 S.
1223 306 1335 363 otestt
1832 310 1888 367 llil

278 436 389 491 ‹telleiat
401 450 447 507 per
459 402 585 490 virtutem
615 430 673 494 Dei,
692 443 754 484 cunr
770 442 858 498 pruna
876 427 1002 481 voluntas
1017 425 1067 480 bo·
1082 424 1255 492 pinventus.
1272 423 1326 478 Sed
1340 422 1470 492 decipior,
1493 425 1595 496 inquis.
1620 433 1721 495 putans
1735 439 1780 480 me
1796 427 1888 485 satisfe-

280 624 361 679 raret,
378 614 503 683 «quamvis
521 626 575 666 non
598 609 745 665 defuturo
766 608 902 678 adjutorio
923 606 980 671 Dei,
1007 607 1067 662 sine
1117 618 1224 663 tantum
1248 606 1385 675 faceremq
1399 618 1428 663 et
1449 625 1503 663 non
1527 607 1646 679 amplius
1667 608 1737 664 rnibi
1755 612 1887 681 precepit:

277 720 333 772 qno
348 720 403 757 nnn
417 712 509 773 posset
529 714 712 771 perseverare,
725 700 749 754 si
759 700 839 754 vellet
850 698 977 769 quamvis
990 697 1065 751 nulla
1117 715 1181 757 cccc
1204 708 1292 754 totum
1312 698 1424 769 perfect,
1445 708 1473 754 et
1494 714 1550 755 nnn
1574 698 1708 755 satisfeci,
1732 698 1807 755 vano
1825 706 1889 772 quasi

277 798 335 867 lege
346 804 514 865 repugnante
527 794 555 848 in
571 792 701 847 membris
718 792 845 863 quamvis
861 800 968 847 terrena
988 790 1067 845 babi·
1117 807 1232 848 sccurus
1252 792 1286 846 ad
1302 790 1389 845 Dcurn
1404 800 1503 862 putans
1523 807 1567 845 me
1589 789 1757 847 satisfecisse
1778 792 1825 859 illi,
1838 810 1888 851 cum

277 890 379 943 tatione
393 887 514 941 nondum
529 901 639 941 sensum
654 883 713 953 ejus
728 884 907 954 deprimente.
1117 882 1208 938 adbuc
1239 891 1334 937 teneor
1362 883 1516 954 obligatus,
1542 898 1608 951 quta
1633 898 1690 938 non
1715 882 1886 943 satisfecerim.
1970 925 1971 928 ,

563 976 602 1031 fle
615 977 777 1045 pernitentiis.
1117 974 1209 1042 Quare
1221 988 1298 1045 ergo,
1321 972 1426 1043 inquis,
1439 974 1543 1029 factum
1558 982 1611 1040 est,
1628 983 1658 1029 ut
1681 974 1763 1030 talem
1778 980 1887 1035 sacerdc

311 1072 380 1140 Quia
395 1072 423 1127 in
438 1070 587 1142 praemissis
602 1070 693 1141 aliqua
707 1070 740 1124 de
754 1070 831 1140 lapsu
848 1070 930 1139 primi
944 1070 1065 1126 bominis
1118 1076 1173 1121 tem
1197 1081 1252 1121 non
1273 1066 1400 1133 babeam,
1428 1067 1476 1138 qui
1497 1066 1564 1121 mibi
1585 1067 1678 1123 dicat:
1700 1065 1760 1122 lloe
1782 1074 1889 1139 ιμιειειι

275 1164 476 1227 denotavimus,
492 1170 577 1218 restat
596 1170 665 1218 utet
683 1159 775 1232 aliqua
790 1160 823 1215 de
848 1160 1007 1231 paenitentia
1023 1159 1065 1213 lo·
1116 1154 1188 1209 liudi
1209 1170 1305 1224 quare.
1328 1154 1443 1227 Propter
1465 1166 1576 1225 peccata
1597 1163 1644 1210 tua
1663 1154 1767 1211 factum
1781 1168 1823 1213 est
1839 1161 1887 1229 bec,

274 1270 404 1326 quamur.
418 1254 580 1309 Poenitentia
598 1254 650 1309 alia
668 1261 710 1307 cst
725 1251 853 1317 exterior,
870 1250 923 1305 alia
939 1250 1064 1305 interior.
1117 1245 1218 1317 quibus
1235 1246 1371 1314 meruisti,
1393 1252 1424 1301 ut
1445 1246 1548 1301 malurn
1560 1247 1688 1314 baberes,
1710 1247 1811 1318 quibus
1825 1250 1846 1305 ει
1857 1253 1888 1307 di·

275 1344 440 1403 Poenitentia
453 1344 573 1400 exterior
585 1352 627 1400 cst
643 1343 671 1399 in
688 1342 833 1398 afflictione
848 1338 955 1407 carnis,
973 1338 1065 1409 poeui·
1117 1339 1213 1395 stricte
1223 1338 1400 1409 judicareris,
1415 1346 1443 1393 et
1457 1338 1502 1394 bic
1512 1353 1653 1393 merueras
1664 1350 1695 1393 ut
1704 1339 1810 1395 nullum
1823 1342 1888 1399 babe-

276 1439 359 1497 tentia
376 1436 489 1494 interior
503 1436 587 1493 estin
610 1434 774 1491 contritione
789 1430 890 1487 cordis.
907 1430 960 1486 Per
977 1429 1065 1501 pierii·
1117 1448 1172 1488 res.
1197 1430 1277 1499 Quia,
1297 1431 1388 1501 inquit
1403 1430 1555 1502 Scriptura,
1576 1447 1719 1503 «regnare
1732 1432 1799 1489 facit
1818 1438 1887 1508 bype-

276 1532 390 1588 teutiam
411 1527 573 1585 exteriorem
594 1526 743 1596 castigatur
756 1524 835 1595 culpa
859 1524 936 1595 pravi
956 1521 1065 1593 operis;
1118 1524 1216 1580 critam
1239 1531 1349 1594 propter
1364 1532 1473 1593 peccata
1489 1523 1583 1593 populi
1606 1522 1772 1595 (dccxcvii
1794 1525 1825 1582 Et
1839 1530 1887 1585 ait:

276 1638 324 1695 per
337 1619 522 1691 poerritentianr
537 1618 693 1675 interiorem
708 1616 869 1671 emendatur
881 1630 970 1685 pravae
984 1616 1066 1684 culpa
1097 1624 1104 1653 ¹
1121 1634 1131 1667 r
1147 1614 1204 1686 Ego
1219 1614 1404 1671 adhaerescere
1415 1613 1513 1669 faciam
1524 1614 1645 1684 tinguant
1660 1624 1737 1669 tuam
1745 1616 1832 1685 palato
1842 1627 1886 1683 ιιι,

270 1712 432 1770 uoluntatis.
448 1710 604 1769 Secundum
618 1708 798 1781 quantitatem
821 1706 912 1762 delicti
937 1721 1065 1762 mensura
1118 1721 1169 1762 nec
1179 1706 1235 1763 eris
1249 1706 1330 1775 quasi
1342 1706 1387 1761 vir
1400 1706 1559 1777 objurgans,
1570 1708 1636 1777 quia
1650 1706 1783 1764 Dominus
1794 1724 1889 1782 exaspe

273 1806 456 1878 correptionis
471 1803 610 1876 pensanda
623 1808 674 1858 εει.
686 1800 775 1873 Agite,
791 1800 891 1870 inquit,
904 1799 1012 1855 fructus
1024 1798 1067 1854 di·
1081 1794 1103 1851 ft
1117 1812 1183 1853 rans
1195 1810 1238 1856 εει
1249 1796 1359 1867 (buci.
1374 1796 1521 1868 orbilium
1534 1807 1564 1853 ut
1573 1799 1646 1855 scias
1655 1800 1722 1871 qnia
1737 1802 1834 1857 arabba
1847 1804 1888 1860 bne

275 1915 344 1969 gnos
357 1896 533 1969 poeniteutiae.
546 1894 625 1950 Aliud
641 1893 713 1950 enim
727 1901 768 1949 cst
782 1891 889 1947 fructos
901 1890 1067 1961 poerritcntioe
1118 1888 1194 1955 fecit,
1214 1890 1276 1945 vide
1289 1891 1335 1946 ubi
1352 1898 1413 1946 erat
1433 1891 1544 1947 devotio
1557 1899 1614 1948 tna.
1632 1890 1662 1947 st
1674 1895 1748 1949 enim
1760 1894 1888 1966 perfectam

271 1989 349 2045 aliud
371 1989 429 2058 ipsa
453 1987 623 2059 penitentia.
655 1984 732 2041 Sicut
757 1984 831 2039 alind
854 1991 896 2039 est
919 1984 1011 2045 arbor,
1039 1989 1067 2038 et
1117 1982 1290 2038 devotionem
1306 1981 1461 2049 babuisses,
1475 1982 1559 2037 etiam
1579 1984 1656 2037 nullo
1670 1984 1890 2045 admonenteccn·

274 2080 349 2137 aliud
364 2078 470 2137 fruetus
484 2080 554 2148 ejus,
568 2078 608 2134 sie
623 2077 697 2133 aliud
710 2084 752 2131 εει
765 2076 937 2147 poenitentia,
952 2084 979 2130 ει
991 2073 1066 2130 aliud
1117 2089 1180 2129 sare
1195 2082 1287 2129 tamen
1309 2074 1457 2144 potuisses.
1474 2072 1554 2129 Nunc
1573 2084 1666 2129 autem
1688 2075 1795 2147 pigritia
1818 2086 1890 2135 tuaet

275 2173 380 2231 fruetus
395 2173 465 2243 ejus.
492 2170 654 2227 Poenitcntia
678 2168 750 2225 enim
770 2177 813 2223 εει
833 2168 911 2223 dolor
925 2167 1066 2237 praeteriti,
1117 2167 1282 2239 negligentia
1299 2166 1474 2221 occasionem
1496 2166 1609 2223 tortoris
1629 2168 1757 2239 quaesivit
1772 2186 1825 2225 nnn
1841 2187 1889 2227 cor·

267 2268 386 2338 quan-tio
400 2265 476 2321 doles
501 2272 527 2319 te
542 2260 641 2319 fecisse
662 2260 735 2333 qnod
761 2258 862 2315 malurn
878 2268 930 2314 est.
951 2257 1066 2326 Quando
1116 2270 1266 2319 rectorum.
1290 2260 1324 2315 Et
1338 2260 1405 2316 vidit
1423 2262 1476 2317 boc
1498 2260 1580 2328 bens,
1598 2269 1626 2317 et
1642 2261 1719 2317 dedit
1736 2261 1783 2318 tibi
1808 2277 1889 2318 secan·

274 2373 340 2429 ergo
354 2356 493 2427 improbos
519 2364 546 2412 et
566 2353 682 2409 damnas
706 2350 775 2407 mela
799 2359 855 2417 tua,
877 2350 1066 2421 poenitentiam
1116 2355 1182 2410 dum
1197 2368 1246 2410 cor
1260 2362 1338 2408 tnum
1349 2362 1447 2408 utnon
1461 2353 1600 2409 invenires
1611 2354 1687 2424 quod
1698 2369 1752 2409 non
1765 2356 1889 2425 pambas

274 2450 369 2507 babes.
385 2448 501 2515 Quando
522 2455 613 2503 autent
630 2442 819 2501 satisfactione
840 2442 1024 2513 subsequente
1039 2450 1067 2497 et
1116 2449 1251 2520 ccclperc.
1267 2444 1324 2501 Nec
1352 2454 1445 2502 tarmen
1457 2448 1519 2503 dico
1531 2456 1561 2503 ut
1576 2448 1718 2519 desperes,
1732 2448 1834 2503 etiamst
1847 2448 1890 2503 boe

274 2543 356 2613 punis
368 2550 395 2597 ει
416 2539 533 2610 corrigis
548 2537 620 2593 mala
639 2546 696 2604 tua,
714 2535 820 2592 fruetus
835 2535 1001 2605 poenitentiae
1017 2536 1067 2589 ba·
1116 2540 1267 2612 contingat,
1283 2548 1313 2592 ut
1332 2538 1417 2593 bomo
1437 2538 1485 2608 qui
1499 2539 1622 2595 exterius
1639 2538 1769 2594 cumeis
1781 2539 1889 2593 cntueri.

274 2634 332 2689 bes.
359 2631 389 2688 st
409 2632 534 2702 displicet
565 2630 613 2685 tibi
637 2629 711 2700 qnod
745 2627 854 2693 fecisti,
876 2627 1066 2699 poenitentiam
1115 2630 1168 2687 bus
1195 2639 1373 2702 pcccatorum
1398 2630 1629 2685 medicamentum
1656 2630 1777 2700 apponit,
1796 2629 1887 2701 aliquid

273 2725 343 2797 agis.
359 2724 388 2781 Si
407 2723 580 2795 persequeris
598 2731 625 2778 et
644 2722 726 2792 punis
748 2722 822 2793 qnod
842 2720 943 2788 fecisti,
959 2718 1066 2777 fructus
1116 2725 1208 2781 minus
1236 2722 1375 2779 sufficiens
1399 2722 1511 2778 tribuat.
1540 2720 1619 2792 sepe
1633 2723 1709 2792 qnod
1729 2723 1816 2777 minos
1830 2721 1889 2779 foris

274 2815 441 2889 poenitentiae
462 2812 710 2886 agisPoenitentia
730 2822 773 2870 cst
796 2812 860 2869 facti
889 2810 1064 2882 improbatio,
1115 2814 1216 2885 agitor,
1246 2814 1384 2871 efficacius
1405 2814 1480 2869 intus
1503 2823 1642 2883 operatur.
1667 2812 1697 2869 ln
1718 2828 1795 2885 perro
1818 2830 1889 2885 opere

273 2907 379 2964 fructus
394 2905 560 2977 poenitentiae
579 2912 622 2961 est
643 2904 734 2961 delicti
756 2906 898 2961 correctio.
926 2902 978 2959 Sed
1000 2902 1065 2974 quia
1116 2922 1215 2978 magna
1228 2906 1337 2963 devotio
1351 2920 1413 2962 esse
1433 2911 1532 2975 potest.
1552 2902 1642 2959 Homo
1658 2905 1732 2961 videt
1745 2905 1771 2961 in
1783 2903 1889 2972 facisne

274 3000 424 3056 secundum
441 3012 598 3054 mensuram
625 2997 715 3053 deleti
733 3012 862 3053 mensura
887 2995 1065 3052 correctionis
1115 2998 1188 3055 bens
1202 3010 1293 3057 antem
1309 3002 1432 3057 intuetur
1443 3015 1503 3057 cor.
1519 2997 1562 3067 Et,
1578 3008 1609 3053 ut
1626 3001 1719 3055 minus
1730 3001 1823 3065 dica,
1839 3014 1890 3052 ma·
1970 3039 1971 3050 ι

267 3087 1065 3163 estpensanda,ideofructuspmnitentiaedignosfucere
1116 3108 1199 3163 gnnm
1220 3100 1273 3159 est,
1288 3095 1312 3147 si
1336 3092 1364 3147 iu
1380 3092 1431 3147 bac
1451 3091 1507 3145 vita
1524 3089 1645 3161 incipere
1659 3090 1891 3161 pessis,ctsinnn
1970 3135 1971 3146 ,

267 3192 391 3255 oportet.
408 3182 437 3237 Si
457 3183 484 3237 in
500 3184 670 3239 correctione
685 3181 775 3237 minor
794 3190 837 3237 est
851 3180 961 3236 afflictio
978 3196 1062 3253 qnam
1077 3160 1099 3219 (ἶ
1116 3184 1254 3257 proficias.
1268 3182 1337 3239 Nam
1351 3191 1452 3254 etpost
1468 3190 1586 3239 mortem
1602 3182 1788 3254 ignisquidam
1797 3196 1893 3251 pnrga-
1970 3201 1971 3238 1

268 3276 302 3330 -in
317 3275 397 3346 culpa
411 3274 555 3331 delectatio
570 3273 632 3341 fuit,
646 3290 701 3329 non
718 3282 758 3329 εει
770 3274 868 3345 dignus
884 3273 989 3328 fructus
1003 3288 1064 3343 pue-
1116 3276 1206 3331 terius
1218 3275 1328 3343 dieitur,
1344 3275 1391 3331 ubi
1411 3285 1565 3347 purgantur
1576 3284 1605 3331 et
1618 3272 1834 3342 mundanturqci
1851 3272 1895 3327 bie

273 3364 404 3421 nitentior.
433 3362 487 3421 Sed
501 3364 570 3420 dicis
585 3364 650 3419 mibi
666 3382 673 3419 :
687 3362 830 3430 Quomodo
845 3364 916 3420 scire
937 3379 1063 3434 possum,
1114 3377 1259 3440 ccepcrunt
1271 3377 1300 3424 et
1311 3382 1366 3423 non
1377 3366 1560 3437 perfecerunt.
1571 3365 1627 3433 Qui
1639 3374 1720 3421 autem
1732 3364 1759 3417 im
1772 3363 1822 3418 bac
1838 3363 1894 3417 rita

272 3456 382 3526 quando
396 3456 531 3527 condigna
547 3457 582 3511 sit
596 3456 755 3528 poenitentia
767 3456 844 3511 mea?
854 3454 923 3522 Quia
935 3456 1005 3513 scire
1020 3456 1065 3513 bic
1115 3476 1167 3518 nec
1186 3461 1307 3530 incipere
1327 3460 1483 3526 voluerunt,
1502 3458 1539 3514 ibi
1561 3471 1748 3515 consummare
1759 3469 1813 3509 nen
1829 3470 1896 3523 pes·

272 3555 428 3617 nonpntes,
441 3547 503 3603 ideo
516 3562 628 3603 neeesse
640 3547 724 3605 babes
737 3562 844 3618 semper
855 3548 996 3619 penitere.
1014 3546 1065 3603 Sa·
1115 3562 1189 3611 sunt.
1208 3552 1314 3620 Quibus
1329 3561 1420 3609 autern
1443 3552 1488 3608 bic
1510 3552 1708 3607 correctionem
1722 3556 1796 3605 suam
1817 3547 1896 3600 datur
1970 3610 1972 3614 .

273 3636 398 3695 tisiaccre
413 3647 489 3708 potes
506 3656 511 3692 :
531 3638 614 3694 rtimis
632 3636 720 3695 lacere
734 3654 789 3694 nnn
805 3648 891 3709 potes.
909 3638 1006 3695 blclius
1022 3647 1065 3696 est
1114 3645 1246 3717 incipere,
1259 3646 1342 3701 etiarn
1361 3646 1384 3701 si
1404 3644 1536 3715 perficere
1549 3659 1605 3699 non
1625 3644 1716 3710 datur,
1736 3641 1789 3696 illic
1809 3654 1898 3695 corre·

273 3728 378 3799 utplus
399 3728 580 3801 laciasquam
598 3730 818 3787 minus.ldcircn
837 3732 970 3787 sollicitus
990 3740 1062 3800 esto,
1114 3737 1214 3792 ctinnis
1233 3737 1364 3806 perfectio
1379 3744 1547 3792 reservatur.
1570 3733 1676 3790 Tamen
1696 3732 1897 3790 tutiusomnino
1970 3799 1972 3804 Ι

272 3828 375 3891 satage,
395 3820 429 3876 da
446 3836 567 3891 operam,
589 3822 711 3878 studium
734 3822 914 3893 impendent
932 3824 1012 3897 culpa
1028 3824 1064 3881 ειι
1113 3838 1166 3895 est,
1179 3839 1209 3885 nt
1220 3828 1266 3885 tric
1281 3840 1310 3884 et
1323 3829 1444 3899 incipere
1453 3837 1482 3884 et
1493 3828 1623 3899 perficere
1636 3824 1794 3891 contendas,
1810 3824 1898 3880 utillic

271 3924 333 3966 cunr
358 3910 423 3977 linc,
444 3911 553 3967 devotio
575 3911 635 3967 sine
656 3912 719 3967 fine.
742 3910 844 3967 Tarrrcn
871 3912 1063 3983 utaliquando
1113 3922 1353 3978 „inflectendum
1368 3919 1782 3992 atpivetpcticndnmsnpersic
1797 3916 1896 3972 itm-nm

271 4002 407 4071 peccatrix
424 4002 592 4077 conscientia
604 4003 772 4068 consoletur,
788 4002 895 4073 positus
910 4012 951 4059 est
964 4005 1063 4061 modus
1113 4025 1301 4073 esqvopmepcp
1319 4017 1364 4071 1112
1376 4015 1419 4070 ve}
1431 4015 1466 4069 ad
1481 4013 1619 4069 modicum
1629 4012 1744 4079 sentire,
1761 4020 1898 4082 propterca

267 4102 297 4151 ⁶²
310 4108 440 4149 melsun
461 4094 630 4165 penitentie
648 4093 803 4161 θιῑθῐῑθιὶδ,
829 4102 859 4149 ul
877 4094 923 4149 1¹¹³
944 4095 1061 4165 exilem·
1114 4109 1199 4164 tutius
1223 4108 1338 4164 cornino
1352 4107 1400 4163 tibi
1421 4114 1464 4162 εει
1486 4112 1517 4160 ut
1539 4105 1584 4160 bic
1599 4104 1717 4173 incipias
1731 4113 1759 4157 et
1779 4103 1898 4174 perficias
1970 4175 1972 4180 Ι

269 4187 311 4243 vel
327 4186 475 4258 perfectam
493 4188 622 4245 fiduciam
648 4188 750 4244 babere
764 4188 890 4259 incipias,
915 4197 942 4244 ει
965 4186 1063 4247 sccur'a
1113 4203 1186 4274 «μοι
1201 4200 1292 4257 facere
1306 4201 1398 4257 pepe„
1413 4198 1529 4265 0110qu
1543 4198 1589 4253 1150
1599 4196 1732 4268 pefqoeoe
1743 4212 1798 4251 Μ
1812 4206 1899 4266 pom.

269 4282 388 4349 buldam
404 4284 628 4355 llloesumlllifflle,
646 4284 673 4336 1¹¹
690 4297 737 4352 spe
754 4281 1062 4339 mislllffllfflaedll'lssae
1113 4295 1162 4358 ris,
1178 4294 1202 4349 ει
1223 4303 1314 4349 tamen
1336 4290 1524 4356 inclinaveris,
1547 4289 1604 4345 noli
1617 4289 1774 4358 desperare,
1789 4287 1898 4342 «salvus
1970 4349 1972 4354 ¹

268 4374 302 4427 de
319 4372 486 4445 indulgentia
501 4382 529 4429 et
547 4374 709 4431 remissione
724 4380 898 4443 peccatorum
912 4374 1061 4443 confidere,
1113 4384 1178 4451 eris,
1188 4384 1228 4439 sic
1242 4392 1332 4438 rancun
1342 4381 1421 4454 quasi
1434 4395 1482 4451 per
1492 4380 1582 4451 ignem
1594 4378 1622 4450 (f
1634 4377 1697 4434 Gor.
1710 4377 1900 4449 rripibrdrbit
1970 4365 1972 4378 '

268 4474 295 4520 ει
310 4474 386 4521 tanto
400 4466 501 4533 verius,
517 4474 621 4537 quanto
642 4466 736 4536 utique
752 4464 886 4521 sincerius
907 4464 1059 4537 injunctam
1075 4504 1098 4559 D
1113 4474 1235 4544 quidem,
1247 4475 1335 4530 detrec
1348 4476 1543 4542 consumptum
1564 4469 1648 4526 fuerit
1668 4452 1743 4541 qnod
1762 4464 1901 4525 criminale

268 4558 456 4627 peonitentiam
470 4558 633 4627 elfleleffs·
1112 4574 1215 4637 portas.
1232 4564 1274 4620 Tu
1295 4575 1389 4621 autem
1403 4567 1497 4623 salvus
1512 4566 1568 4622 eris
1590 4562 1725 4634 quoniam
1744 4558 1900 4616 fundamen·
1970 4525 1972 4614 i

305 4649 358 4706 Sed
379 4649 497 4707 fortasse
519 4650 568 4706 tibi
587 4650 667 4707 tacita
690 4650 856 4723 cogitatione
871 4651 1059 4721 respondeas:
1111 4666 1170 4714 tuna
1182 4658 1210 4713 in
1224 4666 1251 4713 te
1260 4656 1412 4728 permansit
1425 4654 1638 4714 ebaritatisDei.
1970 4639 1972 4676 ²

268 4740 421 4809 Quomodo,
439 4741 542 4813 inquis,
558 4753 649 4799 certus
663 4758 724 4799 esse
735 4756 847 4813 possum
858 4741 891 4797 de
907 4742 984 4797 venia
996 4758 1062 4813 pro·
1420 4748 1460 4806 lle
1479 4766 1592 4807 rnrrnn.
1970 4705 1972 4810 ι

267 4844 327 4905 pter
346 4834 534 4905 penitentiam
556 4844 583 4891 et
607 4832 822 4891 satisfactionem
840 4834 874 4889 ab
890 4832 1001 4889 bomine
1017 4834 1061 4888 in«
1145 4842 1228 4900 Livor
1249 4844 1331 4900 al2eni
1355 4844 1422 4899 nemi
1446 4858 1529 4899 snum
1553 4840 1633 4912 punit
1656 4850 1814 4897 annonem.
1839 4836 1904 4891 Nam

264 4929 401 4997 junctam,
416 4930 498 4985 etiam
522 4930 546 4984 si
564 4928 638 4984 illam
657 4928 779 4990 studiose
797 4927 979 4998 complevero,
995 4942 1059 4984 cum
1111 4936 1183 4992 uelde
1206 4936 1296 4992 bonos
1318 4936 1437 5006 proficit,
1452 4935 1517 4991 inde
1537 4934 1628 4991 malus
1642 4932 1828 4990 contabescis
1851 4928 1904 4984 llo·

267 5024 325 5091 ipse
346 5020 440 5087 linmn,
465 5022 508 5077 cui
523 5031 634 5093 peccata
657 5036 718 5077 mea
739 5020 888 5085 confiteor,
917 5034 988 5090 sepe
1012 5026 1060 5074 aut
1110 5029 1199 5085 mines
1218 5043 1302 5099 prave
1325 5030 1448 5086 vicennes
1469 5028 1541 5083 steni
1563 5027 1598 5083 cte
1618 5026 1756 5083 bonorum
1781 5025 1906 5095 lapsioris

267 5112 423 5183 ignorantia
446 5112 567 5180 nesciat,
591 5122 639 5169 aut
668 5110 832 5183 negligentia
852 5124 906 5166 ιιι
933 5110 1060 5165 conside·
1110 5122 1294 5192 gratulamur,
1308 5121 1346 5175 tra
1359 5121 1394 5177 pp
1408 5136 1506 5177 porum
1519 5127 1591 5175 recte
1607 5118 1688 5175 facus
1703 5118 1831 5187 bonique
1845 5129 1906 5186 pcr-

267 5214 308 5261 ῐθῑ
323 5204 432 5277 qualem
448 5204 527 5274 ”libb
546 5210 698 5261 secundum
720 5204 832 5259 ¹¹¹⁰t¹¹¹11¹
849 5212 876 5257 θῑ
899 5217 1058 5258 mensulam
1109 5214 1263 5269 severantia
1289 5213 1506 5269 confunduntur.
1534 5212 1645 5267 lnvidns
1678 5212 1842 5267 membrum
1870 5217 1908 5263 est

266 5296 369 5365 delicti,
382 5297 480 5353 debeat
491 5294 706 5353 satisfactionem
720 5293 932 5366 injungerefbd
945 5293 998 5349 boc
1009 5292 1059 5349 tibi
1108 5305 1269 5375 piammon
1286 5306 1366 5376 cuju,
1382 5306 1511 5360 quppiam
1534 5320 1610 5360 1001,
1623 5304 1796 5360 iniq-ormi„
1812 5303 1906 5357 nrum

266 5390 385 5457 breviter
397 5380 549 5462 respondeo
570 5390 636 5462 quia
653 5390 676 5445 si
693 5390 776 5445 bomo
799 5389 887 5444 nescit
908 5386 980 5442 bens
993 5387 1056 5443 scit.
1108 5407 1255 5469 perrarum,
1267 5400 1340 5455 ,teuc
1351 5408 1379 5455 eq
1394 5400 1531 5470 supernus
1552 5398 1708 5453 membrum
1722 5404 1765 5452 at
1791 5395 1907 5459 dmpsit,

266 5481 308 5541 l'u
332 5497 422 5555 tamen
443 5484 487 5543 fac
506 5485 580 5556 quod
601 5484 649 5541 tibi
666 5483 832 5553 praecipitor,
848 5480 978 5537 obediens
998 5490 1059 5537 esto
1106 5492 1141 5548 qe
1159 5506 1215 5563 quo
1236 5492 1369 5563 scriptum
1391 5498 1455 5547 cst:
1483 5488 1598 5546 «Omne
1624 5489 1742 5545 sublime
1767 5489 1865 5552 videt,
1884 5494 1909 5539 et

266 5580 295 5634 in
308 5594 341 5635 eo
362 5580 437 5649 quod
462 5579 511 5635 tibi
533 5579 653 5649 jubetur.
672 5576 768 5633 Videat
789 5574 861 5630 [lens
883 5575 1057 5631 devotionem
1107 5577 1788 5660 ipsusne-1superomnesfitiossnperbiaeffob
1814 5579 1907 5649 marl.»

267 5685 353 5741 tuam,
377 5676 459 5731 etiam
475 5675 498 5730 si
513 5676 598 5730 bnmo
621 5688 674 5727 nou
691 5673 825 5743 condigne
844 5674 1001 5729 moderetur
1016 5674 1057 5729 af·
1105 5674 1184 5729 Nulla
1206 5684 1249 5729 est
1262 5676 1359 5741 virtus,
1383 5690 1445 5744 quae
1463 5688 1517 5728 non
1531 5671 1630 5725 bab'cat
1649 5672 1833 5725 contrarium
1846 5666 1910 5724 iavi-

265 5766 414 5829 flictioucm
428 5776 513 5822 tuam.
527 5763 620 5823 Perire
634 5780 688 5821 non
705 5773 792 5835 potes,
805 5764 955 5823 siderotus
969 5764 1055 5823 fucris
1106 5767 1159 5823 diae
1179 5765 1294 5821 malum.
1309 5764 1372 5820 Sola
1386 5766 1496 5823 misena
1513 5770 1586 5820 caret
1601 5763 1716 5829 invidia,
1731 5762 1808 5833 qnia
1829 5779 1912 5819 merae
