4017 6342
213 404 264 459 tst

960 398 1107 455 etatum.

1800 399 1854 457 tttt

215 531 305 577 autem
327 520 355 576 in
371 535 407 575 eo
423 520 513 574 anima
529 514 690 573 uniuersalis
705 524 732 573 et
749 516 864 572 materia
892 514 1009 571 inveniri
1023 522 1048 577 Α
1062 523 1126 568 sunt
1145 514 1172 568 in
1187 530 1220 570 eo
1234 516 1387 587 composuit
1402 525 1431 572 et
1448 516 1539 573 nullus
1552 515 1621 573 alius
1636 528 1726 570 rerum
1741 530 1853 587 compe·

216 612 313 692 possit,
325 612 468 680 quomodo
482 612 537 681 ipsa
556 610 611 665 sint
623 611 717 679 simpla
733 611 837 665 nescio.

251 702 373 759 taraus.
403 702 545 769 Quomodo
570 701 772 756 firmamentum
796 702 940 772 probatum
968 718 1011 758 ea·

216 808 277 851 esse
299 795 496 865 compositum,
523 793 679 848 necessario
705 793 875 848 concluditur
890 793 1010 864 aliquam

218 903 279 944 csse
303 886 450 941 materiam
470 885 503 938 de
524 898 577 953 qua
602 884 781 953 compositum
797 884 844 947 sit.
869 894 900 938 ut
914 884 1009 949 lectus,

218 980 295 1049 cuius
310 986 354 1033 cst
369 976 484 1031 materia
513 975 627 1046 lignum,
643 975 686 1031 rel
705 976 840 1042 cultellus,
866 976 943 1046 cujus
968 986 1012 1033 est

218 1070 332 1127 materia
347 1068 460 1123 lerrum.
477 1066 552 1121 llauc
569 1076 660 1122 autem
676 1067 817 1122 materiam
836 1067 1009 1123 firmamento

220 1162 385 1233 simpliorem
400 1176 459 1217 esse
473 1174 583 1215 necesse
599 1169 650 1223 est,
665 1161 891 1231 quemadmodum
906 1160 1009 1232 lignum

219 1256 303 1321 lectu,
318 1264 345 1311 et
364 1254 465 1311 lerrum
492 1252 603 1308 cultello
626 1254 750 1324 simplius
763 1262 814 1309 est.
830 1254 865 1309 Et
879 1256 1009 1323 qnoniam

220 1347 308 1402 omnis
326 1344 442 1399 materia
459 1343 518 1411 ipso
532 1342 604 1412 quod
620 1343 653 1398 de
666 1359 698 1398 ea
715 1344 814 1398 lactum
828 1352 872 1398 est
885 1342 1009 1413 simplior

219 1443 271 1499 est,
287 1450 338 1489 nec
351 1433 434 1489 trahet
452 1432 479 1486 iu
493 1446 522 1487 se
533 1430 649 1485 turmam
661 1432 703 1487 uel
717 1434 861 1504 imaginem
877 1434 918 1489 sni
932 1449 1009 1489 eom·

220 1526 313 1598 positi,
329 1534 404 1596 patet
430 1524 596 1579 ltrmamenti
621 1523 763 1578 materiam
788 1522 890 1577 nullam
912 1536 1009 1593 corpo·

220 1635 293 1675 mam
310 1618 336 1673 in
352 1632 381 1672 se
392 1616 506 1672 locutam
518 1617 629 1683 hahere,
643 1625 671 1673 et
685 1618 745 1671 idco
758 1618 870 1673 omniuo
883 1618 1007 1687 simplam

220 1728 288 1769 esse.
316 1710 393 1779 Quod
416 1712 439 1765 si
464 1710 587 1766 dieamus
610 1712 638 1765 in
652 1726 684 1766 ea
702 1710 805 1781 aliquid
829 1714 1007 1781 compositum

220 1817 290 1865 esse,
299 1800 380 1855 aliam
397 1814 458 1853 csse
471 1800 611 1854 materiam
625 1799 720 1869 alequa
735 1800 884 1869 composita
898 1803 934 1855 sit
947 1816 1008 1857 esse

1063 605 1131 660 sitnr
1147 616 1192 661 aut
1206 617 1313 663 creator
1327 616 1383 663 est.

1066 717 1068 725 ’
1098 694 1216 752 Parrus.
1237 696 1313 764 Qrtod
1336 698 1504 762 dieis,starc
1522 712 1576 753 non
1590 705 1691 767 potest.
1717 696 1853 764 erontatn

1062 786 1134 842 enim
1156 786 1277 841 ridemus
1308 784 1411 842 forratas
1438 786 1537 856 quibus
1564 789 1679 843 materia
1705 789 1854 846 inlormeta

1061 890 1113 951 est,
1130 882 1220 937 varias
1235 892 1263 936 et
1281 882 1315 935 ad
1331 882 1422 936 varios
1435 898 1500 937 usus
1515 880 1619 937 habiles
1639 888 1853 947 essentiarum

1061 976 1173 1046 ipsam,
1195 990 1272 1044 emus
1296 972 1459 1029 admistione
1485 982 1512 1029 et
1537 976 1658 1043 potentia
1685 974 1763 1031 laetae
1789 984 1854 1031 sunt

1062 1064 1165 1132 lormae,
1182 1074 1291 1120 constat.
1308 1077 1361 1118 non
1387 1064 1497 1118 omnino
1512 1064 1603 1119 lartum
1625 1066 1671 1119 sed
1696 1065 1853 1121 restrictum

1061 1158 1260 1227 quodammodo
1280 1171 1359 1227 posse
1384 1156 1495 1211 hahere.
1524 1154 1577 1210 Sed
1601 1156 1674 1211 hauc
1696 1157 1852 1213 restrictam

1061 1260 1187 1305 naturam
1213 1249 1399 1303 restrictorem
1428 1246 1557 1316 aliquem,
1574 1246 1620 1316 qui
1634 1256 1726 1302 tamen
1748 1246 1853 1305 anullo

1061 1343 1243 1411 restringatur
1256 1340 1357 1395 lrabere
1370 1354 1481 1395 necesse
1493 1346 1547 1395 est.

1096 1433 1211 1489 llorses.
1232 1432 1428 1487 liestrictorem
1452 1432 1532 1486 istum
1548 1432 1664 1486 animam
1690 1430 1776 1502 ipsam
1791 1446 1853 1489 esso

1060 1524 1223 1596 respondeo,
1242 1538 1302 1595 uque
1326 1525 1381 1578 uim
1405 1538 1493 1593 suam,
1518 1532 1598 1595 prout
1623 1523 1711 1591 tinuit,
1737 1524 1789 1582 sibi
1809 1540 1852 1581 re·

1060 1619 1179 1674 strinxit.

1094 1707 1212 1764 Parnes.
1238 1706 1326 1777 Opera
1352 1707 1415 1763 talia
1439 1724 1499 1765 esse
1523 1711 1622 1764 animae
1648 1726 1701 1765 nou
1725 1718 1852 1782 possunt,

1060 1804 1107 1859 sed
1122 1802 1182 1857 talis
1202 1801 1324 1866 lactoris,
1340 1802 1385 1872 qui
1401 1818 1449 1872 per
1466 1818 1496 1859 se
1509 1802 1643 1874 perlectus
1657 1806 1694 1859 sit
1707 1805 1850 1875 sapientia.

220 1909 332 1950 neeesse
346 1903 398 1957 est,
412 1908 471 1963 qaue
485 1903 512 1948 et
523 1892 645 1963 simplior
656 1893 702 1947 sit.
717 1891 771 1947 Sed
788 1900 816 1947 et
830 1892 903 1947 illam
918 1893 1010 1947 dicen·
1025 1892 1047 1953 Β
1060 1894 1156 1947 Anima
1173 1902 1261 1948 antem
1275 1892 1422 1975 perlectam
1438 1910 1491 1949 non
1505 1894 1587 1951 labet
1604 1896 1777 1967 sapientiam.

222 2000 261 2043 tes
285 1989 474 2056 compositam,
493 1986 573 2042 aliam
598 1986 745 2039 fatebimur
766 1984 934 2055 simpliorem
960 1985 1008 2039 lra-

219 2078 285 2133 bere
303 2080 457 2143 materiam,
474 2078 553 2132 etsie
567 2077 593 2130 in
608 2074 759 2129 inlinitum.
785 2074 863 2140 Quod
886 2084 915 2128 ut
937 2074 1007 2129 ritc-

220 2186 288 2233 mus,
304 2184 416 2225 necesse
430 2179 473 2223 est
487 2178 516 2222 ut
534 2166 675 2222 materiam
703 2166 777 2221 illam
801 2165 925 2236 simplam
948 2182 1008 2221 esse

220 2261 363 2316 taroaunrr.
387 2262 458 2318 Ecce
472 2261 614 2331 probatum
639 2260 705 2315 satis
729 2268 769 2312 cst
793 2258 820 2312 iu
836 2258 1008 2313 firmamento

219 2355 372 2422 materiam,
387 2362 413 2409 et
428 2354 512 2424 ipsam
535 2350 661 2422 simplam
683 2366 755 2406 esse.
775 2350 901 2404 Auriniam
916 2361 1006 2405 autem

220 2446 246 2499 in
264 2447 360 2501 eodem
386 2445 478 2501 taliter
501 2445 681 2505 inveniemus,
707 2444 770 2513 quia
788 2442 893 2498 scilicet
914 2443 1007 2499 formae

1095 1983 1211 2039 llotses.
1229 1983 1287 2050 Qrta
1302 1984 1407 2039 ratione
1421 1993 1498 2054 potes
1510 1994 1663 2042 monstrare
1674 1988 1745 2057 qued
1759 1990 1850 2049 anima

1058 2075 1206 2145 perlectam
1225 2090 1279 2129 non
1297 2076 1378 2131 lrabct
1396 2076 1581 2144 sapientiam?

1094 2166 1213 2223 Parrus.
1235 2168 1303 2234 Quia
1319 2182 1352 2222 err
1367 2182 1421 2236 quo
1434 2168 1526 2224 anima
1548 2172 1694 2225 commista
1708 2182 1751 2227 est
1763 2183 1850 2229 mate-

1059 2262 1117 2327 rie,
1138 2270 1165 2316 et
1179 2261 1293 2316 materia
1319 2270 1362 2315 est
1376 2261 1476 2316 animae
1501 2262 1687 2334 incorporata,
1710 2282 1849 2337 rrrttrquam

1058 2364 1150 2425 postca
1166 2354 1289 2408 dolorum
1313 2354 1501 2408 uicissitudine
1516 2363 1545 2409 et
1566 2355 1735 2426 uolrtptatruu
1760 2362 1850 2414 caruit

1065 2448 1168 2501 auium.
1195 2446 1271 2502 Nulla
1297 2440 1395 2517 quippe
1416 2446 1539 2516 uoluptas
1562 2448 1659 2514 uritur,
1686 2450 1739 2505 nisi
1773 2452 1851 2507 dolor

220 2536 270 2589 illm
281 2536 379 2606 quibus
393 2536 452 2608 ipsa
468 2535 582 2590 materia
601 2542 644 2589 est
660 2534 815 2596 irrlurmata,
831 2548 884 2588 non
896 2546 1008 2604 propter
1058 2540 1238 2608 praecesserit,
1255 2547 1285 2594 ut
1299 2554 1378 2594 neuro
1403 2555 1522 2609 uuquam
1546 2540 1698 2596 delectatur
1720 2542 1849 2611 ltiltcudo,

220 2626 305 2682 solum
329 2628 451 2698 corporis
475 2626 701 2697 complementum
728 2623 1008 2680 sacrasanctam
1058 2631 1109 2685 uisi
1128 2630 1203 2701 prius
1220 2630 1339 2685 doluerit
1354 2630 1483 2696 sitiendo,
1500 2647 1581 2686 numo
1594 2632 1745 2689 delectatur
1760 2650 1851 2691 come·

220 2722 289 2775 enim
305 2720 411 2776 duobus
425 2720 512 2775 modis
525 2719 661 2774 dicuntur.
676 2718 742 2773 Alie
754 2717 827 2771 enim
842 2716 928 2771 solun
944 2732 1006 2771 cor·
1058 2724 1157 2788 stione,
1169 2721 1221 2777 nisi
1236 2721 1405 2793 praecesserit
1421 2721 1498 2777 delur
1514 2724 1541 2778 in
1557 2722 1638 2789 farne,
1655 2735 1702 2780 aut
1724 2729 1805 2783 etiam
1822 2730 1850 2785 in

218 2814 292 2887 poris
313 2814 460 2868 ostendunt
478 2812 634 2876 terminum,
650 2819 679 2865 ut
707 2810 884 2881 triangulatio
899 2808 942 2864 uel
963 2825 1008 2864 ro·
1060 2816 1163 2885 requie,
1190 2814 1242 2869 uisi
1268 2822 1332 2869 ante
1355 2813 1472 2869 doluerit
1487 2830 1521 2870 ex
1535 2816 1639 2873 labore.
1657 2819 1710 2874 Sed
1724 2820 1803 2877 etsie
1822 2823 1850 2879 iu

219 2907 350 2969 tamditas,
366 2904 409 2961 tel
422 2904 549 2975 quaelibtl
563 2903 614 2958 ³¹5²
631 2902 731 2973 fidulii
746 2902 772 2955 3¹¹
787 2900 876 2973 hilde
895 2901 929 2954 ιιι
940 2899 1006 2955 nihil
1058 2908 1164 2965 eunctis
1179 2905 1334 2963 allectibus.
1360 2907 1439 2963 ilatio
1456 2917 1547 2962 autem
1565 2924 1696 2980 corperea
1711 2927 1741 2967 se
1753 2922 1851 2969 eonta-

220 2999 290 3054 aliud
301 3000 404 3063 ralent,
418 2997 469 3052 utri
484 2994 555 3067 quud
569 2995 653 3065 ipsius
668 2994 790 3065 corporis
818 2992 933 3063 liguram
949 2991 1006 3049 eill-
1058 2998 1138 3069 qioae
1163 2998 1314 3065 denudans,
1341 3006 1368 3053 et
1393 3014 1422 3053 se
1446 2998 1530 3068 ipsam
1546 3017 1641 3071 puram
1657 3004 1847 3068 considerans.

220 3091 302 3146 ciunt.
328 3090 396 3145 Attae
410 3104 475 3145 tero
490 3096 519 3143 et
537 3102 635 3156 corpus
658 3086 806 3141 iniormaut
820 3093 848 3141 ct
865 3086 898 3143 ad
911 3100 1007 3155 quam·
1058 3091 1200 3163 perpendit
1227 3090 1291 3145 illud
1306 3091 1377 3160 quod
1395 3090 1460 3145 nilril
1479 3094 1561 3149 sentit
1587 3094 1683 3151 melius
1697 3106 1725 3151 ct
1740 3097 1850 3167 dignius

220 3186 280 3239 dam
295 3184 442 3237 utilitatem
457 3191 552 3236 natura
572 3187 686 3251 cogente
700 3177 803 3234 habiles
821 3176 899 3232 lacit}
912 3176 1006 3231 videt·
1059 3200 1119 3241 csso
1130 3200 1162 3241 eo
1173 3184 1243 3253 qnod
1257 3193 1297 3239 tot
1307 3184 1475 3239 diuersarum
1490 3186 1646 3254 passionum
1662 3186 1850 3247 accidentibus

220 3288 274 3341 tur,
289 3286 320 3331 ¹¹1
332 3276 408 3331 auris
421 3276 506 3329 torma
523 3274 557 3329 it!
571 3270 747 3335 audiendum,
771 3268 841 3325 0⁰¹¹fl
863 3270 897 3323 «td
913 3269 1008 3322 villett-
1062 3292 1115 3331 nou
1132 3274 1263 3345 subjacet.
1283 3273 1395 3329 Constat
1410 3274 1619 3343 igituraniutaru
1633 3293 1684 3333 uon
1701 3276 1850 3349 perlectam

220 3368 295 3432 dnm,
314 3364 469 3435 etsiugulae
486 3362 600 3417 ullorum
622 3360 804 3415 membrorum
829 3356 1008 3427 lormaeaptae
1058 3366 1158 3422 trabere
1179 3366 1348 3435 sapientiam.
1371 3368 1429 3424 lllia
1454 3370 1519 3423 item
1542 3370 1689 3425 decadem
1711 3388 1741 3427 re
1760 3382 1851 3444 potest

220 3467 282 3511 sunt
302 3457 429 3511 adsuunt
447 3452 575 3509 cilicium.
592 3453 657 3508 item
672 3452 758 3507 iorma
779 3449 877 3506 cultelli
892 3452 926 3505 ad
942 3450 1008 3505 inci-

220 3550 346 3612 dendum,
361 3564 444 3604 serra·
458 3548 491 3601 ad
504 3548 673 3613 serrandum,
689 3544 769 3600 rastri
785 3559 891 3615 quoque
910 3544 1007 3600 habilis

219 3652 262 3697 cst
274 3643 308 3695 ad
322 3640 492 3696 lodicndutu.
508 3640 542 3694 Et
555 3641 680 3709 quoniam
699 3638 813 3692 materia
826 3636 918 3691 varias
934 3635 960 3691 in
977 3651 1008 3691 se

220 3746 287 3799 quas
302 3745 440 3800 nunquam
469 3730 601 3784 habuerat
621 3728 728 3783 noviter
752 3726 853 3781 lormas
877 3724 1007 3796 suscepit,

220 3834 327 3879 constat
343 3824 408 3894 quia
425 3838 473 3880 eas
489 3838 542 3878 non
557 3838 591 3877 er
606 3836 645 3883 se,
670 3821 716 3876 scri
731 3820 844 3875 alterius
858 3820 896 3874 rei
913 3816 1007 3886 adiuu-

218 3916 309 3971 ctione
323 3930 383 3983 quae
402 3924 429 3970 et
446 3914 535 3985 potior
548 3921 576 3968 et
591 3912 714 3983 simplior
731 3912 767 3967 sit
780 3910 883 3975 habirit,
906 3924 965 3979 quae
979 3910 1006 3966 in

218 4022 250 4063 se
269 4007 391 4061 diuersas
417 4015 444 4061 et
469 4004 571 4060 lormas
595 4013 624 4059 et
646 4004 777 4073 imagines
799 4002 874 4070 lecit,
890 4001 1007 4055 maxime

220 4115 283 4154 cum
301 4100 375 4155 nulla
398 4099 547 4154 necessitas
574 4106 657 4161 essct,
673 4106 703 4151 nt
726 4096 792 4151 tales
811 4094 839 4150 in
863 4092 1008 4149 callerent

218 4192 314 4247 lormae
336 4191 380 4246 rel
405 4192 549 4262 imagines.
574 4190 627 4245 Sed
648 4190 701 4245 hoc
721 4188 807 4260 magis
822 4202 854 4244 ex
870 4187 1007 4243 desiderio

217 4282 324 4337 iactum
338 4290 381 4337 est
396 4282 495 4336 animae
508 4298 515 4337 :
528 4296 588 4350 quae
602 4279 686 4334 uoluit
711 4277 882 4333 commisceri
899 4276 945 4331 tali
964 4276 1004 4331 lei

216 4373 263 4427 cui
298 4388 435 4443 nunquam
459 4374 549 4426 luerat
572 4371 715 4426 corrrmista
739 4368 818 4425 simul
835 4368 1007 4440 etconqluti·

215 4470 295 4526 nata,
310 4478 343 4517 ex
356 4478 422 4516 ruera
437 4461 626 4517 commistione
640 4460 717 4515 tronis
727 4468 770 4515 est
782 4459 895 4514 materia
911 4457 1007 4513 lormis

1059 3459 1116 3513 dari
1130 3460 1210 3523 ratio,
1223 3460 1294 3530 quod
1307 3460 1412 3517 scilicet
1427 3461 1528 3521 anima.
1543 3477 1604 3515 cum
1618 3464 1748 3519 rationem
1762 3466 1849 3531 currit,

1058 3545 1150 3598 statim
1166 3544 1311 3611 iusticiam,
1327 3545 1416 3612 turta,
1434 3546 1591 3608 lrornleirlia.
1605 3557 1633 3602 et
1651 3559 1750 3607 caetera
1764 3552 1851 3623 dtttqtt

1058 3635 1140 3700 titia,
1155 3650 1214 3705 quae
1232 3636 1360 3707 perlectae
1382 3640 1496 3695 rationis
1515 3651 1674 3695 exsecratur
1693 3646 1848 3714 saptentin

1058 3730 1129 3784 unde
1150 3730 1248 3784 iterum
1272 3730 1383 3786 euidens
1403 3741 1446 3787 est
1470 3732 1655 3803 imperfectam
1676 3751 1736 3791 csse
1751 3738 1853 3795 anime

1058 3822 1229 3891 sapientiam.
1246 3820 1392 3877 Prolatum
1408 3824 1491 3894 igitur
1503 3826 1571 3879 satis
1585 3835 1626 3881 est
1643 3827 1756 3899 illisqui
1772 3828 1850 3884 Seri·

1057 3913 1144 3981 pruris
1156 3928 1208 3965 raon
1223 3912 1348 3977 creduut,
1365 3912 1448 3967 alium
1471 3928 1531 3969 csse
1549 3914 1696 3982 lectorem,
1711 3918 1788 3986 cujus
1801 3934 1850 3991 per

1058 4016 1087 4057 se
1109 4002 1227 4073 perlecta
1244 4006 1278 4059 sit
1297 4004 1448 4073 sapientia,
1469 4007 1540 4060 sicut
1555 4015 1627 4077 patet
1650 4012 1849 4079 portationem

1057 4096 1135 4151 notris
1163 4094 1197 4149 ab
1216 4112 1249 4151 co
1267 4098 1425 4151 attrilrutam
1446 4112 1527 4167 opera
1547 4100 1644 4154 animm
1658 4100 1716 4155 siue
1732 4102 1788 4170 ipsa
1803 4118 1849 4157 ra·

1058 4188 1130 4242 tione
1145 4202 1205 4243 csse
1219 4188 1316 4243 uitiosa
1329 4197 1357 4241 et
1371 4186 1570 4258 quodammodo
1587 4192 1684 4261 trrrpia.
1700 4192 1848 4263 Consequi-

1058 4284 1102 4330 tur
1116 4290 1181 4348 crqo
1198 4276 1271 4330 illum
1287 4292 1335 4347 per
1349 4292 1429 4349 quem
1443 4278 1576 4333 rationem
1597 4282 1769 4351 accepimus.
1792 4300 1847 4341 uon

1058 4370 1188 4435 aniuram,
1206 4369 1252 4422 scd
1266 4368 1347 4423 ιιιιιιιιι
1364 4384 1443 4435 esse,
1459 4371 1585 4439 quoniam
1600 4372 1657 4427 lieri
1675 4375 1767 4443 nequit
1781 4392 1810 4429 ιιι
1822 4378 1848 4432 'rs

1058 4460 1173 4531 quirem
1196 4458 1313 4530 aliquam
1326 4462 1465 4525 abhorret,
1482 4462 1524 4516 vel
1545 4474 1713 4530 exsecratur,
1728 4480 1788 4523 eam
1804 4466 1847 4522 la-

214 4552 376 4609 inlormata.
393 4554 525 4621 Quoniam
542 4553 623 4623 igitur
633 4553 831 4607 llrmamentum
845 4566 907 4605 curn
919 4550 1007 4606 omni·
1022 4576 1045 4635 ὓ
1058 4566 1120 4607 cere
1134 4552 1208 4607 uelit.
1223 4552 1350 4621 Sequitur
1366 4568 1474 4624 quoque
1491 4570 1525 4609 ex
1540 4556 1593 4611 lroc
1612 4556 1731 4624 animam
1746 4559 1847 4631 imper-

213 4646 270 4701 lrns
280 4660 340 4713 qua
348 4645 465 4714 possidet
476 4642 655 4712 compositum
667 4642 815 4697 seeundum
830 4640 1006 4711 philosophos

214 4752 275 4792 nora
307 4736 456 4800 detritatur,
481 4748 593 4790 necesse
610 4744 652 4789 cst
672 4742 701 4787 ut
719 4734 880 4805 principium
904 4736 1007 4790 haltere

214 4828 357 4883 credatur.
383 4827 469 4883 Onure
484 4827 557 4882 enim
582 4826 763 4895 compositum
785 4824 896 4896 aliquod
925 4825 1007 4880 tranet

212 4919 394 4992 principium.
409 4918 466 4975 lloc
487 4918 569 4987 igitur
594 4917 675 4972 morlo
696 4924 773 4987 patet
798 4916 927 4970 muudum
945 4928 1006 4970 csse

214 5018 352 5066 creatum.
387 5008 473 5066 Omne
499 5020 588 5064 autern
615 5008 794 5079 compositum
826 5020 938 5061 necesse
964 5013 1007 5059 cst

214 5104 429 5172 compositorem
444 5101 556 5157 habere.
568 5099 662 5170 Neque
673 5100 744 5154 enirn
760 5098 861 5168 aliquid
876 5112 906 5153 se
919 5098 1005 5168 ipsum

215 5200 310 5265 potest
320 5206 489 5263 componere.
514 5192 662 5260 eodemque
677 5188 757 5244 modo
781 5201 862 5243 etune
884 5196 1005 5241 creatum

214 5295 371 5344 creatorem
396 5284 499 5339 nabere
512 5298 622 5337 necesse
636 5292 688 5336 est.
708 5280 782 5335 Nilril
796 5279 869 5332 euim
886 5278 1005 5345 seipsum

214 5385 311 5450 potest
329 5391 431 5432 creare.
446 5375 605 5430 Creatorem
621 5374 704 5444 iqitur
715 5368 807 5426 muudi
821 5370 867 5440 qui
881 5368 951 5424 lietu
965 5369 1007 5423 tli-

215 5470 292 5527 cltur
303 5482 363 5524 esse
379 5480 493 5523 neeesse
506 5474 557 5521 est.
834 5522 839 5530 ,

253 5562 369 5617 llorsrs.
390 5557 573 5613 lldrcrsarius
598 5556 681 5627 igitur
696 5554 823 5610 insistere
841 5554 952 5624 poterit,
966 5554 1006 5609 di·

215 5666 284 5708 cens
301 5650 514 5717 compositorem
540 5647 622 5700 istum
647 5647 701 5700 ritu
724 5644 885 5699 urriuersalis
908 5646 1005 5700 aninue

214 5758 290 5809 csse,
301 5758 362 5816 quae
375 5750 485 5798 scutrcet
497 5754 537 5792 vus
549 5750 645 5793 natura
656 5749 780 5827 secatur.
793 5734 868 5803 erte,
881 5737 1004 5808 inquam,

213 5840 305 5897 anima
326 5837 450 5897 ntate'riae
469 5835 785 5921 jurncta,tlrmamentum
799 5842 826 5893 ct
839 5834 930 5892 ontnia
944 5848 1004 5905 qum
1020 5906 1031 5915 ⁴

1058 4640 1144 4708 lectae,
1156 4644 1278 4698 (latorem
1290 4658 1355 4699 vero
1367 4646 1479 4701 rationis
1491 4646 1617 4718 perlectae
1626 4662 1686 4703 esse
1696 4650 1844 4721 sapientire.

1057 4734 1182 4805 Cumque
1204 4737 1273 4791 ratio
1286 4748 1414 4807 operetur
1428 4738 1453 4792 in
1471 4738 1579 4804 arriana,
1600 4741 1753 4795 necessario
1767 4742 1847 4798 dator

1057 4828 1170 4881 cautionis
1184 4826 1270 4881 tactor
1282 4836 1325 4882 est
1339 4828 1447 4882 animm.
1462 4828 1539 4895 Quod
1554 4844 1616 4883 cnm
1631 4830 1682 4894 sil,
1699 4840 1727 4887 et
1742 4832 1846 4901 aninra,

1057 4928 1086 4973 ut
1103 4918 1225 4989 superius
1238 4920 1379 4990 probatum
1394 4928 1450 4982 cst.
1466 4920 1491 4974 in
1509 4923 1621 4977 materia
1635 4924 1725 4979 ontnia
1737 4940 1847 4997 corapo-

1057 5010 1110 5065 sita
1131 5010 1303 5073 luunarerit,
1318 5009 1440 5065 concludi
1463 5011 1647 5067 indubitanter
1665 5024 1755 5084 potest
1774 5017 1847 5087 quod

1057 5103 1102 5173 qui
1118 5102 1248 5157 rationem
1262 5102 1345 5167 (ledit,
1357 5112 1385 5158 et
1397 5104 1486 5157 omnia
1501 5102 1573 5171 lecit,
1587 5115 1615 5160 et
1628 5111 1748 5164 oninium
1763 5124 1847 5165 eausa

1057 5194 1160 5248 existit.
1179 5194 1210 5248 lit
1227 5194 1283 5249 lame
1297 5194 1405 5249 cuidem
1422 5196 1455 5253 de
1473 5198 1563 5251 anima
1576 5199 1729 5264 sententia,
1752 5203 1846 5269 utique

1056 5293 1098 5340 est
1119 5283 1314 5354 plrilesnpltica.
1339 5286 1436 5341 Dicturt
1453 5286 1525 5341 enim
1545 5288 1697 5359 philosophi
1713 5291 1783 5359 quod
1802 5306 1846 5343 ro-

1057 5376 1164 5431 tioualis
1181 5379 1270 5431 anima
1287 5378 1409 5447 procedit
1421 5380 1453 5434 de
1467 5380 1621 5437 uniuersali.
1640 5380 1725 5435 ludaei
1741 5388 1843 5443 orateur,

1057 5476 1087 5523 nt
1108 5468 1197 5531 nosti,
1216 5484 1311 5525 omnes
1328 5470 1433 5525 animas
1453 5470 1479 5525 in
1498 5470 1590 5525 mundi
1612 5470 1744 5540 principio
1762 5470 1844 5527 siuutl

1057 5568 1183 5615 asserunt
1196 5574 1256 5615 esse
1276 5572 1396 5630 creatas,
1411 5572 1438 5617 et
1457 5563 1483 5616 in
1503 5563 1562 5617 locu
1577 5576 1632 5618 uno
1649 5564 1800 5632 repositas,
1814 5574 1844 5621 et

1058 5665 1197 5721 quousque
1211 5651 1419 5721 incorporentur
1432 5666 1527 5706 omncs
1541 5666 1593 5707 nou
1618 5664 1680 5707 esse
1695 5653 1765 5709 diem
1778 5668 1844 5711 ren-

1057 5751 1148 5797 turum
1162 5740 1276 5809 judicii,
1296 5752 1324 5797 ot
1346 5758 1379 5797 et
1399 5757 1452 5812 quo
1482 5740 1729 5811 incorporabuntur
1749 5744 1843 5801 statim

1055 5834 1200 5903 pror-entre
1224 5836 1303 5890 tinem
1330 5835 1432 5892 mutati.
1459 5832 1606 5891 Ctrrlstiani
1628 5848 1693 5892 uero
1715 5844 1844 5892 astruunt
