4017 6342
125 372 180 428 957

596 368 885 427 ι)Ειί,ΟιιΑῙΙθλἘ8
903 371 953 426 SS.
974 370 1131 427 PATREM.
1146 402 1181 411 -
1200 372 1265 429 tlh.
1287 374 1310 429 l..

1714 378 1768 433 {138

124 485 186 543 ride
215 500 302 557 qoam
325 485 395 541 bene
419 485 500 540 oleat.
527 484 613 540 Gesta
633 494 661 539 et
672 486 734 540 vide
754 501 836 555 quam
855 484 923 538 bene
937 497 958 549 p
974 492 1095 538 nostram
1110 484 1228 539 iuuobis
1243 484 1392 554 peripsum
1411 484 1525 540 salutem
1542 500 1696 557 operemur,
1711 500 1767 547 tres

125 581 225 651 sapiat,
237 588 321 652 tange
333 590 360 634 et
374 580 434 635 vide
448 595 531 651 quam
548 579 616 634 berre
630 579 726 634 caleat.
743 576 821 632 Unde
835 585 863 632 et
876 576 922 631 bic

125 672 263 728 Dominus
275 673 365 744 iuquit
377 692 384 727 :

164 759 258 817 «lnior
273 762 387 833 digitum
403 769 480 815 tuum
495 760 559 822 huc,
571 770 598 815 et
610 762 671 817 vide
683 775 782 816 manos
805 773 891 826 meas,
908 777 918 810 ι

124 851 179 905 boc
193 858 236 907 est
258 860 340 921 tange
362 858 389 905 et
416 850 487 905 vide.
503 848 576 905 Vidit
597 866 663 921 ergo
678 851 852 906 solummodo
876 850 919 902 ιιι-

124 942 239 1007 tuendo,
254 941 312 996 sive
326 941 408 996 ctiam
423 940 641 1011 ingenuetate
662 943 736 997 enim
761 950 851 1011 potest
864 957 918 995 non

124 1048 225 1087 ausum
250 1040 316 1087 tune
336 1030 421 1086 nosse
439 1032 604 1101 discipulum
629 1040 740 1102 tangere
761 1032 918 1087 bominum.

123 1119 186 1175 Non
200 1120 274 1175 enim
296 1122 429 1191 seriptum
449 1129 510 1176 cst:
526 1120 625 1193 Tetigit
639 1120 769 1187 Thomas,
785 1122 832 1176 sed
855 1120 919 1191 qnia

971 572 1031 627 dics
1056 572 1140 628 dedit.
1167 574 1218 641 Qui
1246 583 1300 630 tres
1325 575 1541 642 desolamini
1565 578 1610 634 illa
1627 594 1686 644 ave,
1706 597 1768 651 quae

972 663 1082 731 pboenix
1095 666 1255 735 appellatur,
1265 664 1451 738 designantur.
1462 665 1500 723 lle
1515 684 1568 740 qua
1579 670 1644 725 dicit
1653 670 1766 744 physio-

972 751 1049 821 logos
1061 753 1139 823 qnia,
1157 770 1220 809 com
1238 755 1391 826 impleverit
1406 756 1499 813 decem
1512 774 1601 814 anuos
1614 760 1676 816 vitae
1698 776 1764 820 suae.

972 842 1058 899 intrat
1081 846 1107 899 iu
1133 847 1205 917 ligna
1230 846 1337 914 Libani,
1354 859 1381 903 ct
1396 850 1482 919 replet
1505 851 1600 907 turbas
1627 852 1686 909 alas
1701 870 1767 911 snas

970 935 1087 991 diversis
1101 938 1269 993 aromatibus
1284 938 1405 1008 ejusdcm
1421 939 1498 1010 ligni,
1513 939 1672 1013 faciensque
1681 943 1768 1001 variis

971 1027 1005 1082 de
1027 1028 1173 1099 pigmentis
1189 1030 1297 1099 nidum,
1308 1042 1456 1102 congregat
1471 1044 1672 1091 sarmentorum
1689 1052 1766 1093 accr-

970 1136 1034 1174 vom
1053 1121 1214 1186 trraximum,
1233 1123 1285 1177 sub
1297 1123 1410 1181 demunt
1435 1140 1550 1194 ponciis,
1578 1121 1767 1199 accedensque

123 1212 194 1267 vidit
207 1213 374 1268 etcretlidit.
970 1209 1004 1264 ad
1030 1224 1132 1277 aerem,
1157 1212 1223 1267 solis
1243 1212 1331 1283 iguem
1354 1215 1467 1269 attrahit
1487 1232 1580 1273 secum
1604 1228 1629 1273 et
1646 1218 1769 1275 incendit

164 1305 256 1361 «Beati
266 1306 313 1375 qui
321 1321 375 1360 nou
387 1305 514 1360 viderunt
526 1303 919 1359 etcrediderunt.»Commen-
970 1310 1119 1369 sarmenta,
1136 1319 1168 1359 ac
1187 1304 1338 1375 ingreditur
1351 1306 1446 1361 nidum
1462 1323 1543 1363 suum
1562 1324 1655 1367 meuse
1668 1310 1767 1367 Martio

124 1398 172 1454 dat
184 1398 265 1453 tidem
284 1398 417 1469 gentium,
440 1398 486 1452 sed
502 1396 631 1468 praeteriti
645 1396 776 1467 temporis
796 1413 864 1452 nsns
877 1406 920 1453 est
970 1400 997 1448 ct
1010 1394 1145 1449 comburit
1159 1409 1189 1451 se
1206 1394 1307 1466 ipsum,
1321 1405 1347 1452 et
1362 1398 1432 1454 cinis
1446 1401 1593 1468 primodie
1609 1402 1725 1459 vertitur
1738 1404 1767 1459 iu

123 1490 218 1546 vernis
240 1498 270 1545 un
282 1491 327 1545 tlte
340 1491 387 1561 qui
403 1490 429 1545 td
445 1490 519 1560 quod
532 1497 592 1543 erar
617 1489 739 1544 futurum
762 1488 790 1545 in
806 1503 857 1544 sna
871 1505 921 1545 no-
970 1500 1108 1554 vermem,
1125 1490 1245 1544 seetmda
1268 1490 1312 1546 die
1336 1491 1364 1546 in
1388 1492 1538 1559 volucrem,
1562 1494 1640 1550 tertia
1664 1496 1708 1551 die
1737 1496 1768 1551 in

124 1593 204 1639 verat
227 1584 465 1654 predestinatione
489 1582 547 1653 jam
576 1584 687 1637 laetum.
711 1580 859 1637 Sciendum
877 1589 921 1637 est
970 1578 1116 1647 pristinum
1135 1588 1247 1636 statum.
1266 1580 1315 1639 llic
1328 1584 1420 1655 itaque
1431 1584 1553 1655 phoenix,
1568 1587 1614 1658 qni
1630 1597 1693 1657 post
1703 1588 1767 1645 lon·

125 1676 203 1730 illum
218 1690 281 1731 vere
294 1677 405 1731 credere
418 1674 465 1746 qui
484 1674 565 1729 iidem
580 1674 699 1744 complet
712 1687 804 1743 opere.
823 1672 861 1728 lle
875 1674 920 1729 his
970 1686 1031 1741 gam
1045 1678 1151 1727 aetatem
1165 1673 1258 1729 decem
1275 1691 1410 1731 arenarum
1429 1678 1492 1749 igne
1507 1680 1679 1735 eonsumitur
1690 1680 1716 1735 iu
1728 1684 1767 1737 ei·

124 1778 219 1824 antem
241 1768 289 1839 qni
319 1768 399 1822 iidem
422 1766 533 1821 tremine
559 1775 639 1822 tetrus
665 1764 794 1831 retinent,
817 1762 920 1821 Paulos
970 1779 1075 1832 nerem,
1087 1782 1119 1821 ac
1133 1766 1229 1824 deinde
1245 1771 1359 1825 vertitur
1370 1772 1397 1826 in
1410 1787 1542 1841 eorunm,
1554 1781 1582 1829 ct
1596 1784 1765 1845 postremum

124 1861 212 1917 dicit:
228 1880 237 1913 ι
252 1860 423 1915 condirentur
449 1874 479 1913 se
490 1873 572 1913 nosse
603 1856 701 1922 ιιειιιιι,
722 1855 802 1911 iactis
825 1868 917 1911 antem
933 1845 955 1899 Β
970 1864 1140 1914 restauratur
1164 1860 1191 1914 in
1216 1870 1317 1917 statum
1340 1864 1471 1934 priorem,
1489 1866 1615 1937 designat
1632 1867 1708 1923 illum
1732 1870 1767 1925 de

124 1959 228 2023 negant
242 1950 309 2022 (Tit.
323 1952 354 2023 ι).
372 1971 381 2001 ι
398 1947 582 2005 Etiaeobus:
598 1969 607 2001 ι
621 1948 702 2005 Fides
717 1948 776 2004 sine
790 1950 919 2019 operibus
969 1964 1026 2019 quo
1049 1948 1205 2021 Propheta:
1224 1971 1232 2003 ι
1250 1952 1316 2024 Ego,
1342 1956 1441 2026 inquit,
1465 1972 1526 2013 sum
1547 1959 1648 2015 vermis
1662 1969 1689 2015 et
1710 1974 1766 2016 non

124 2054 234 2099 rnrtrtna
247 2042 370 2113 esti-lae.
388 2042 428 2111 n).
444 2062 453 2094 ι
970 2040 1053 2095 ιιοιιιο
1069 2040 1155 2109 (Pscl.
1171 2046 1237 2115 ιιι).
1261 2066 1269 2097 ι
1297 2046 1353 2101 Cur
1369 2048 1454 2103 totius
1478 2046 1611 2105 Dominus
1633 2059 1768 2108 creatores

162 2134 270 2190 tbinlta
284 2134 395 2205 quidem
418 2142 445 2187 et
459 2132 511 2187 alia
530 2132 608 2204 signa
630 2131 695 2187 iecit
716 2131 797 2189 lesus
809 2133 836 2188 in
852 2149 920 2188 con·
969 2132 1119 2187 vermiculo
1141 2148 1171 2191 se
1188 2136 1303 2191 voluerit
1325 2139 1480 2208 eoutparari
1505 2140 1532 2194 ιιι
1554 2142 1683 2211 passione
1697 2152 1724 2199 et
1738 2144 1767 2199 iu

123 2238 220 2296 spectu
233 2225 430 2296 discipolorum
446 2238 571 2290 snorum,
585 2238 647 2293 quae
662 2239 717 2279 uon
735 2224 838 2293 scripta
853 2232 920 2279 sunt
970 2224 1110 2292 sepultura
1137 2240 1197 2292 sna,
1222 2242 1371 2297 possumus
1398 2230 1449 2285 boc
1480 2232 1590 2301 quidem
1618 2233 1768 2292 linurilitati

123 2318 151 2371 in
172 2318 245 2373 libro
267 2319 329 2372 hoc.
346 2314 409 2370 llaec
433 2325 524 2369 antem
545 2315 646 2385 scripta
660 2322 726 2371 suut
749 2322 776 2369 ιιι
801 2315 919 2371 credatis
969 2315 1097 2385 primitus
1113 2317 1264 2389 assignare,
1280 2330 1512 2389 quesanctorum
1527 2325 1767 2383 virtusestmari-

122 2410 187 2482 quia
198 2410 281 2467 lesus
301 2419 344 2465 est
365 2406 492 2463 Christus
512 2406 532 2460 F
534 2406 598 2464 ilios
611 2407 668 2474 Dei,
690 2416 717 2462 et
732 2417 761 2462 nt
776 2408 919 2465 credentes
969 2422 1025 2475 ma,
1042 2408 1113 2465 sicut
1129 2420 1241 2468 sauctus
1251 2410 1357 2485 hiep-ses
1371 2424 1433 2471 aute
1448 2414 1533 2471 Derim
1546 2417 1649 2473 animal
1661 2435 1690 2475 se
1702 2420 1767 2475 irra-

121 2506 208 2558 vltam
223 2503 348 2558 babeatis
362 2501 390 2555 ιιι
408 2500 519 2555 nornine
531 2502 602 2571 eius
618 2520 627 2552 ι
658 2501 742 2568 Quasi
762 2502 843 2557 lluem
856 2502 917 2557 lilui
969 2500 1072 2555 tionale
1087 2504 1249 2571 prolitetor3
1267 2503 1351 2561 David
1371 2522 1400 2562 se
1417 2507 1534 2577 pulicem
1555 2524 1627 2581 saepe
1642 2526 1765 2567 comme-

121 2594 201 2665 penit
215 2593 382 2663 evangelista
395 2592 429 2646 ad
447 2606 574 2661 maguam
589 2593 855 2649 commendationem
871 2608 917 2649 sa·
969 2594 1131 2647 morat:scd
1148 2596 1234 2666 uragis
1251 2596 1315 2651 illud
1330 2598 1519 2668 accipiendum
1536 2610 1613 2672 puto,
1632 2604 1766 2675 quoniam

121 2686 257 2741 crementi
272 2694 407 2739 secuturae
420 2683 597 2750 narrationis,
614 2683 717 2739 iaciens
740 2684 765 2740 ei
789 2686 919 2755 ‹prrndam-
969 2684 1071 2739 vermis
1085 2684 1158 2741 trulla
1171 2688 1342 2744 extrinsecus
1356 2688 1520 2747 admistione
1534 2692 1616 2748 alieni
1629 2696 1765 2767 corporis,

120 2778 206 2833 modo
219 2775 427 2831 eminentiorem
442 2776 544 2831 lnerrru.
969 2773 1017 2829 scd
1034 2774 1068 2830 de
1089 2776 1147 2831 sola
1171 2786 1197 2832 et
1219 2792 1287 2849 pora
1311 2789 1382 2836 terra
1409 2792 1590 2851 procreatur:
1606 2786 1667 2841 ideo
1687 2788 1765 2845 illum

268 2866 384 2923 senato
404 2866 437 2922 tu
456 2866 595 2923 octava
615 2866 774 2923 PASCllAE.
968 2875 1157 2936 corrtparatom
1172 2866 1300 2936 Domino,
1314 2874 1446 2943 quereiam
1469 2884 1495 2931 ct
1518 2875 1576 2946 ipsc
1597 2876 1767 2935 Salvatorde

156 2957 228 3014 Tres
238 2958 297 3015 dies
308 2966 373 3015 suut
394 2959 540 3015 invisibilis
554 2958 638 3026 lucis,
650 2958 919 3029 quibusillnstratur
969 2958 1028 3013 sola
1042 2967 1068 3015 et
1082 2975 1150 3030 pora
1164 2958 1248 3017 llaria
1261 2974 1416 3034 generatur.

118 3050 242 3106 interius
265 3050 397 3121 spiritalis
423 3052 486 3106 vitae
519 3065 628 3107 corsos.
654 3048 763 3107 Primos
793 3052 852 3108 dies
875 3068 919 3108 est
1004 3048 1170 3122 Legimnset
1183 3055 1210 3109 in
1232 3056 1309 3112 libris
1325 3056 1410 3130 llopsi
1435 3060 1767 3121 damnanavermicnlos

117 3143 217 3210 timor,
240 3142 378 3199 secorvdus
399 3142 458 3198 dies
478 3150 521 3197 est
535 3142 646 3208 veritas,
673 3142 770 3212 tertios
790 3142 849 3198 dies
876 3151 918 3199 est
969 3156 1127 3213 procreatos
1151 3144 1331 3219 (Exedunt).
1360 3148 1447 3222 Digna
1463 3154 1543 3223 plane
1563 3164 1591 3210 et
1601 3156 1676 3227 justa
1691 3174 1767 3215 ronr-

116 3236 257 3291 charitas.
280 3234 389 3289 Primus
399 3236 459 3290 dies
470 3234 645 3290 solemsomn
660 3233 741 3288 habet
751 3234 916 3303 potentiam;
969 3236 1086 3303 paratio.
1106 3234 1246 3308 Siquidem
1262 3240 1296 3295 de
1306 3256 1406 3295 utrarum
1420 3246 1587 3302 vermiculus
1603 3249 1727 3304 irascitur
1739 3259 1767 3305 ct

116 3330 263 3385 secundus
272 3327 357 3383 solem
365 3342 446 3382 sunm
453 3326 533 3382 habet
544 3326 705 3396 sapientiam
713 3343 720 3393 ;
728 3324 825 3381 tertius
832 3327 918 3382 solem

116 3436 204 3479 suum
218 3420 302 3475 habet
314 3419 521 3491 benignitatem.
544 3418 668 3473 Potentia
691 3419 725 3473 ad
737 3416 857 3487 Patrem,
874 3432 920 3474 sa·

115 3513 225 3585 pientia
239 3512 274 3569 ad
286 3510 395 3576 Filitnn,
416 3510 570 3582 benignitas
586 3510 620 3565 ad
639 3508 768 3581 Spiritum
792 3521 917 3567 sancctum

115 3606 250 3675 perterret.
266 3603 318 3657 Alii
331 3612 396 3659 sont
412 3602 472 3657 dies
493 3602 592 3666 nostri,
607 3618 677 3671 quos
695 3602 829 3659 habemus
843 3612 919 3659 exte·

114 3697 195 3761 rios;
222 3694 282 3762 aiii,
308 3709 379 3764 quos
403 3694 530 3749 itatenus.
547 3692 611 3748 Dies
637 3694 724 3749 nostri
755 3694 917 3761 exteriores,

114 3788 203 3842 etiam
216 3787 429 3852 cornitolomus,
444 3794 596 3841 transeunt.
610 3784 672 3842 bles
688 3785 918 3853 conclamitare,

971 3322 1103 3382 Dominus
1114 3326 1241 3386 Christos
1263 3332 1297 3387 de
1314 3329 1423 3403 Virgine
1445 3347 1619 3407 procreatum
1635 3341 1700 3411 quin
1717 3358 1767 3413 pe-

970 3417 1119 3488 tiusipsam
1129 3418 1241 3475 hieriam
1255 3436 1382 3477 mantiam
1392 3424 1461 3479 dixer
1470 3426 1516 3491 im,
1525 3427 1589 3496 quia
1598 3432 1765 3501 estsubtills,

970 3514 1121 3583 splendida,
1145 3516 1239 3571 suavis
1261 3526 1288 3573 et
1312 3516 1399 3589 virgo.
1424 3517 1491 3585 Quae
1508 3524 1581 3577 velot
1595 3524 1703 3580 coelitns
1718 3540 1766 3581 re-

970 3604 1059 3671 uicns,
1073 3607 1180 3660 cunctis
1190 3604 1374 3662 Ecclesimum
1387 3610 1493 3679 poculis
1508 3612 1600 3667 eibum
1614 3615 1766 3673 dulciorem

969 3696 1050 3753 melle
1064 3695 1185 3751 delinxit.
1201 3696 1252 3763 Qrti
1276 3698 1354 3754 cibus
1367 3712 1426 3756 erat
1440 3700 1578 3771 Christus,
1594 3707 1641 3777 qui
1658 3708 1684 3762 in
1700 3724 1766 3780 pas·

969 3786 1047 3841 sione
1063 3788 1100 3841 ita
1116 3789 1271 3857 opprobriis
1295 3790 1435 3860 decoctus,
1452 3796 1531 3864 quasi
1547 3797 1575 3851 in
1588 3814 1708 3855 vermem
1724 3811 1767 3856 est

115 3881 139 3933 st
160 3881 303 3947 volumus,
323 3880 501 3935 iumentum
518 3894 677 3951 peruincere
698 3888 824 3949 possunt.
850 3878 919 3935 liccc
970 3878 1106 3934 recinctus.
1126 3878 1179 3933 Sed
1203 3896 1276 3936 rtnrtc
1301 3882 1334 3935 ad
1359 3882 1503 3940 historiam
1524 3889 1668 3947 redeamus
1693 3896 1762 3950 avis.

117 3979 178 4027 tres
191 3972 254 4026 dies
264 3979 345 4027 sunt:
358 3971 416 4026 dics
431 3972 548 4038 lionoris,
561 3973 608 4042 qui
623 3971 781 4028 manifestat
795 3974 917 4041 rnalotu;
969 3966 1116 4038 Quingenti
1131 3970 1223 4040 itaque
1247 3972 1270 4025 si
1286 3988 1336 4041 per
1356 3974 1488 4031 decenum
1505 3980 1733 4051 multiplicantur,
1751 4004 1766 4037 v

118 4066 618 4137 vitaverimus,qniaulcrtmaium3
635 4066 918 4136 diesclra1·itatis,qni
969 4061 1055 4116 millia
1085 4060 1198 4118 iaciunt.
1227 4064 1349 4120 Fuerunt
1365 4076 1456 4123 antem
1480 4070 1712 4145 evbhdamusquc
1730 4080 1766 4133 ad

116 4162 244 4219 restituit
265 4163 378 4216 ιιοιιιιιιι.
395 4160 458 4214 bies
473 4158 818 4216 veritatiselarillcatdiem
837 4160 918 4213 timo·
968 4152 1107 4210 Christum
1132 4171 1148 4209 v
1172 4157 1255 4212 millia
1278 4172 1425 4215 annornm.
1448 4161 1509 4229 Quo
1529 4164 1610 4237 lorvgn
1633 4176 1763 4238 tempmr,

120 4256 177 4324 ris;
193 4254 257 4309 dies
284 4251 426 4307 alteritatis
454 4249 586 4307 clarilicat
610 4258 639 4306 et
661 4251 734 4306 diem
769 4251 877 4306 timoris
892 4259 918 4305 et
968 4261 1031 4301 cum
1046 4262 1095 4317 per
1108 4248 1360 4318 praevaricationem
1376 4252 1441 4308 aon
1455 4270 1522 4323 pene
1533 4258 1655 4319 ¹mondus
1669 4260 1766 4330 deper-

119 4348 193 4402 dlcnt
214 4346 348 4411 veritatis,
379 4345 466 4399 dorice
491 4344 609 4415 perlecta
638 4342 720 4398 inerit
743 4342 873 4406 charitas,
890 4352 918 4397 et
968 4339 1021 4394 iret
1040 4348 1130 4407 totus,
1152 4340 1186 4397 de
1208 4340 1319 4413 Virgine
1343 4346 1468 4401 nascitur
1489 4346 1615 4404 Christus
1631 4353 1676 4420 qui
1699 4354 1765 4408 ditm

120 4436 242 4507 periente
261 4434 450 4491 manifestetur
465 4435 555 4489 nuruis
566 4434 676 4499 veritas,
693 4445 720 4488 et
734 4433 815 4490 timor
830 4450 918 4503 poeum
968 4432 1075 4487 duabus
1090 4432 1151 4499 alis,
1169 4432 1214 4489 oet
1235 4435 1339 4491 scilicet
1353 4435 1499 4493 dilectione
1514 4454 1546 4493 ac
1561 4442 1695 4509 proximi,
1709 4446 1766 4498 cnl-

121 4537 281 4585 transeator
302 4529 329 4581 iu
352 4528 478 4583 timorem
503 4528 671 4583 reverentiae.
699 4526 736 4583 [ie
762 4528 805 4583 his
819 4528 917 4583 diebus
930 4541 955 4599 ῃ
969 4523 1765 4606 legissetdirersaaromatasanctarnmvirtutumcnnrpr-

119 4622 230 4676 locutus
245 4628 289 4675 est
302 4618 372 4675 Osee
388 4621 530 4690 propheta,
546 4620 658 4675 dicens:
675 4638 685 4670 ι
701 4618 856 4675 llivilicabit
866 4634 916 4674 nes
968 4616 1082 4671 suitsibi
1095 4632 1128 4673 ex
1143 4619 1182 4673 eis
1193 4620 1220 4673 iu
1235 4620 1365 4678 cordibus
1380 4623 1522 4679 honrinnm
1539 4626 1764 4696 qnasinidum‚id

121 4714 197 4783 psius
212 4714 284 4767 does
301 4713 370 4777 dies,
392 4712 419 4767 iu
442 4712 487 4767 die
510 4712 589 4767 tertia
611 4712 757 4768 suscitabit
769 4727 820 4768 nos
838 4710 912 4783 (Ore.
967 4716 1011 4763 est
1026 4710 1259 4766 mansiunculam.
1282 4711 1332 4767 Cui
1360 4714 1426 4769 (ιιιιιι
1456 4730 1563 4770 sacram
1587 4732 1763 4788 supponeret,

120 4808 170 4875 nv),
194 4826 204 4857 ι
219 4803 290 4861 Nam
305 4804 424 4874 qualiter
438 4804 574 4858 Domitius
588 4814 683 4859 noster
695 4801 777 4859 lesos
788 4802 917 4859 Christus
968 4798 1020 4853 boc
1030 4809 1073 4855 est
1092 4802 1197 4856 aridam
1222 4800 1264 4857 vei
1286 4804 1441 4859 mordacem
1458 4806 1642 4864 infidelitatem
1655 4807 1765 4868 indeo-

119 4913 171 4968 pcr
190 4898 389 4953 humanitatem
404 4912 487 4968 quam
504 4904 700 4965 assrtrupserat,
718 4896 796 4950 tertia
810 4894 856 4950 die
869 4912 917 4950 re«
966 4904 1039 4956 rum,
1057 4906 1140 4961 quam
1154 4893 1181 4947 in
1201 4908 1230 4947 sc
1245 4894 1381 4949 excitabat
1396 4912 1429 4953 ex
1444 4898 1543 4967 opibus
1561 4886 1765 4977 justitiae'qrras

120 5003 239 5059 surgens
255 4986 398 5042 amortuis
413 4985 441 5041 in
461 5002 491 5041 se
504 5000 556 5041 nos
568 4985 745 5039 vivillcaverit
756 4994 783 5039 et
797 4983 915 5040 suscita·
967 4980 1077 5049 iecerat,
1089 4982 1225 5039 intentam
1235 4994 1398 5041 exarserunt
1409 4989 1569 5059 nequitiam,
1581 5003 1620 5060 ut,
1633 4994 1660 5049 iu
1671 5014 1765 5055 marusa

118 5082 200 5148 verit,
213 5080 371 5135 andivimus
383 5088 411 5133 et
425 5078 511 5149 gavisi
525 5092 630 5133 strnms.
646 5076 700 5132 Sed
713 5076 827 5148 dignum
838 5078 916 5132 valde
965 5072 1067 5129 Martio
1083 5073 1150 5130 ieria
1167 5092 1203 5143 vr,
1221 5076 1282 5147 igne
1296 5079 1433 5149 passionis
1446 5096 1509 5136 eom
1523 5100 1725 5153 consumerent,
1738 5106 1762 5147 et

119 5180 165 5228 est
192 5181 222 5226 ut
246 5184 489 5240 recompensemus
514 5170 539 5225 ei
567 5169 731 5225 beneficium
759 5182 861 5236 soum,
888 5179 916 5224 et
965 5166 1087 5236 quasiin
1109 5168 1229 5223 cinerem
1254 5177 1400 5239 verterent,
1423 5173 1487 5228 dum
1503 5190 1552 5245 pro
1567 5181 1764 5237 rrtrmdisalnto

119 5263 354 5335 quemadmodum
383 5276 434 5316 nos
456 5262 483 5315 iu
504 5261 565 5331 ipso
586 5261 667 5317 tertia
687 5260 732 5315 die
755 5271 915 5330 resurgente
966 5258 1043 5313 illum
1059 5260 1260 5331 crucifigerent.
1285 5258 1387 5317 Deinde
1399 5262 1425 5319 in
1450 5266 1576 5338 sepulcro
1596 5273 1717 5339 portitor,
1736 5285 1764 5328 ct
1811 5258 1816 5269 ’

120 5354 367 5418 resurrexerimus,
380 5354 452 5407 itaet
464 5368 516 5407 nos
528 5368 577 5423 pro
591 5354 747 5422 ipsoetper
758 5352 847 5422 ipsum
860 5362 916 5407 ter·
965 5350 1046 5420 quasi
1063 5352 1165 5407 vermis
1189 5352 1216 5407 iu
1239 5360 1322 5416 terra,
1337 5353 1378 5409 sic
1401 5354 1445 5413 die
1464 5361 1586 5414 secetvdn
1610 5362 1636 5417 in
1656 5366 1762 5419 tomulo

120 5448 157 5503 tia
173 5446 219 5501 die
230 5456 416 5516 resurgentes,
429 5460 493 5499 eom
517 5444 545 5497 in
570 5444 650 5499 nohis
673 5459 816 5514 resurgere
831 5441 915 5499 lacia-
964 5444 1128 5499 occultator.
1146 5442 1236 5500 'sertia
1250 5460 1315 5501 vero
1327 5446 1381 5511 die,
1393 5448 1464 5503 sicut
1475 5450 1584 5519 plunnix
1599 5454 1625 5505 ιιι
1641 5456 1760 5523 priorem

118 5554 192 5594 runs.
222 5534 279 5593 Nec
304 5537 470 5593 eredendum
496 5544 537 5591 est
560 5536 626 5605 quin
649 5536 761 5591 anobis
784 5535 836 5591 sibi
856 5537 915 5607 ipse
965 5542 1239 5602 statumrenoratur,
1258 5536 1293 5589 ita
1315 5536 1527 5594 cletirtstnsde
1545 5544 1761 5603 rtrortalitatead

120 5629 183 5686 velit
198 5628 315 5686 retribui
331 5629 404 5699 quod
418 5628 493 5697 prior
503 5628 562 5695 ipse
575 5625 662 5683 voluit
682 5627 823 5696 impertiri.
837 5624 916 5681 Sient
965 5628 1197 5683 immortalitatem
1210 5628 1401 5685 resuscitatur.
1419 5628 1504 5684 Aliter
1515 5650 1521 5684 :
1534 5630 1647 5688 Plrmuix
1660 5636 1761 5693 dicitur

120 5737 184 5795 ergo
200 5723 270 5793 ipse,
280 5729 311 5777 nt
323 5730 448 5777 nostram
461 5719 489 5773 in
504 5734 534 5775 se
547 5726 574 5774 et
589 5733 677 5789 perse
687 5719 802 5773 saltuem
817 5732 915 5787 opera·
965 5719 1077 5784 rubens,
1088 5727 1164 5775 etest
1173 5718 1301 5775 Christus
1313 5718 1347 5773 de
1359 5732 1415 5785 quo
1425 5716 1543 5777 dicitnr:
1559 5725 1646 5791 ‹eris
1657 5736 1698 5782 est
1710 5729 1761 5784 iste

118 5827 205 5884 rnen,
227 5824 284 5871 tres
305 5814 367 5868 dies
393 5812 494 5867 babere
518 5810 615 5878 voluit,
649 5811 686 5865 ita
714 5819 743 5866 et
767 5809 857 5878 nobis,
885 5820 914 5867 ut
964 5812 1012 5881 qui
1041 5811 1115 5866 venit
1141 5810 1174 5866 de
1198 5810 1301 5877 mont,
1323 5809 1414 5864 tinctis
1447 5813 1569 5872 vestibus
1598 5818 1632 5872 de
1657 5818 1761 5877 Basral

301 5904 575 5965 rhinocerus
1580 5911 1620 5971 2³0
