4017 6342
266 339 320 397 aaa
819 336 980 392 woussttt
997 334 1145 391 subnats
1164 334 1193 393 S.
1215 334 1327 393 attstt
1845 344 1888 401 illl
1968 382 1969 399 t

266 452 336 513 tlte,
358 457 475 525 exuunt»
494 454 591 520 Edem,
605 452 679 524 quod
701 451 802 507 dicitur
826 452 902 522 rotat
924 461 967 509 εει
982 450 1055 507 Esau
1072 456 1093 513 Α
1107 450 1235 508 cbristus
1246 451 1332 507 uoluit
1343 450 1431 523 ligari,
1445 452 1634 525 crucldgi,per
1643 452 1765 509 triduum
1779 455 1888 525 mileses.

266 547 427 617 appellatus,
441 554 551 617 propter
562 543 654 599 rulum
675 544 846 614 pulmentum
863 559 918 615 quo
940 560 956 599 a
975 544 1058 600 tratre
1110 560 1151 611 re,
1163 544 1203 601 sie
1218 560 1271 601 uos
1285 544 1416 601 debemus
1429 560 1527 601 sensus
1541 555 1664 611 nostros,
1679 546 1805 615 quisunt
1823 554 1887 619 puori

265 653 318 692 suo
332 637 416 693 Jacob
426 647 468 693 εει
479 634 631 692 εἰιιειιιε.Α
647 651 703 706 quo
713 635 785 692 dieta
796 646 838 693 est
851 637 926 708 regio
939 636 1057 693 ldutnaea
1107 636 1167 690 sine
1183 635 1340 707 paedagogo,
1354 650 1441 706 equum
1453 652 1567 693 currens
1580 636 1641 691 sine
1652 637 1746 709 auriga
1769 648 1796 694 et
1812 638 1886 711 irena,

265 730 293 784 iu
311 745 366 800 qua
387 737 469 799 caput
489 728 564 799 regni
579 736 638 783 erat
657 730 755 785 ciritas
778 728 873 784 Bosra.
890 727 918 783 ln
942 726 1057 785 ltaelob
1107 742 1123 781 a
1139 737 1265 783 veterana
1277 728 1474 785 cousttetudine
1482 728 1637 799 probibere,
1652 736 1680 783 et
1693 728 1778 785 claris
1790 730 1886 800 justitie

264 822 397 892 manauit,
420 822 468 891 qui
505 836 555 876 sua
589 822 747 877 inlirmitate
774 820 878 878 Christi
899 824 1056 892 passionom
1107 818 1134 873 iu
1150 834 1232 875 cruce
1252 820 1430 891 ponitentiae,
1459 822 1615 879 immobiles
1637 823 1716 879 raldo
1742 824 1885 883 etinseusi·

263 913 455 983 praedgurauit.
471 912 598 969 Christus
610 912 645 969 tle
657 912 742 969 Etlom
758 914 843 981 vertit,
856 916 947 971 tluma
960 914 1051 986 genti·
1107 913 1175 969 biles
1196 929 1228 969 ac
1241 923 1364 970 tranrtuos
1380 914 1486 969 efficere
1501 922 1532 971 ut
1544 914 1649 971 mundo
1664 914 1852 987 cruciligamur
1863 920 1884 975 in

261 1004 314 1058 bus
327 1018 437 1074 passus,
452 1018 517 1059 caro
540 1003 601 1074 rjus
616 1004 750 1075 sauguine
771 1004 875 1061 rubuit.
894 1004 983 1063 Vestis
994 1005 1056 1075 ejus
1107 1006 1196 1063 uobis.
1223 1006 1300 1062 Hulti
1326 1008 1526 1078 crucifiguntur
1560 1008 1665 1065 mundo
1694 1024 1750 1064 nou
1783 1012 1884 1069 mundus

261 1096 289 1149 in
304 1094 387 1151 bosra
400 1096 524 1167 tingitur,
538 1096 603 1151 dum
615 1096 642 1151 io
655 1094 882 1166 Hierosolymam,
899 1116 961 1170 quae
971 1108 1055 1171 caput
1106 1098 1172 1168 ipsis
1188 1099 1272 1155 :tales
1286 1106 1314 1153 et
1326 1099 1446 1171 despecti
1461 1107 1526 1155 sunt
1542 1100 1657 1167 mundo,
1673 1100 1722 1157 scd
1740 1100 1791 1171 ipsi
1806 1112 1884 1157 atuaut
1968 1096 1969 1137 t

260 1187 336 1259 regni
351 1185 413 1255 luit,
440 1188 525 1244 uestis
547 1188 607 1258 ejus
620 1188 755 1259 sauguine
773 1191 937 1263 aspergitur.
960 1190 1011 1248 Hie
1024 1203 1054 1249 ut
1105 1193 1249 1249 rutundum.
1269 1192 1302 1247 lli
1316 1194 1418 1249 muodo
1434 1193 1534 1249 mortui
1555 1201 1630 1260 sunt,
1647 1193 1694 1249 sctl
1710 1207 1765 1247 nou
1782 1194 1883 1251 muudus
1968 1196 1969 1205 ’

259 1279 370 1350 plroenix
387 1288 525 1335 sarmenta
538 1279 739 1337 odoriferarum
754 1282 885 1337 arborum
914 1283 942 1340 iu
959 1284 1053 1341 nidum
1105 1287 1182 1357 ipsis.
1200 1286 1301 1343 Paulus
1318 1296 1346 1342 ut
1361 1298 1572 1358 purgamentum
1599 1286 1696 1342 mrutdi
1717 1296 1787 1351 crat,
1803 1290 1883 1345 necdt
1968 1286 1969 1305 ¹

260 1372 379 1443 collegit,
394 1372 461 1427 dum
486 1372 595 1443 scriptis
616 1374 813 1445 prophetarum
834 1373 1052 1449 Hierosolymam
1105 1378 1208 1434 tttuttdo
1227 1380 1351 1435 curabat.
1378 1377 1456 1435 Unde
1476 1381 1536 1435 ait:
1557 1378 1647 1433 «Mitti
1665 1380 1786 1435 usuardus
1807 1383 1882 1438 cruci·

260 1464 383 1534 repletit.
407 1458 515 1521 Eisdem
537 1478 603 1520 reto
628 1465 775 1521 sarmentis
796 1466 970 1534 conburitur,
986 1468 1052 1524 dum
1104 1471 1175 1528 luxus
1189 1482 1231 1529 est
1246 1481 1273 1527 et
1294 1487 1345 1544 ego
1368 1472 1472 1528 mundo
1498 1471 1601 1543 (Galat.
1617 1472 1693 1541 uti.»
1713 1471 1766 1539 Qui
1781 1472 1819 1529 sie
1832 1490 1881 1531 eunt
1968 1514 1969 1543 2

260 1557 410 1614 secuudum
422 1556 493 1612 dieta
504 1557 698 1628 prophetarum
714 1556 742 1611 iu
756 1555 972 1630 Hierosolymam
991 1560 1053 1631 igne
1103 1562 1215 1620 Christo
1227 1566 1408 1636 crucifigitur,
1432 1564 1544 1621 Cltristo
1561 1566 1756 1635 consepelitur,
1781 1574 1809 1622 ut
1833 1579 1881 1639 apat
1968 1612 1969 1617 ,

257 1650 396 1719 passionis
421 1649 604 1705 eonsumitur.
631 1648 723 1704 Tertia
750 1649 794 1705 die
817 1650 877 1706 avis
898 1662 1051 1722 reparatur,
1103 1656 1254 1727 spiritalem
1275 1658 1484 1715 sabbatismum.
1512 1655 1575 1714 Hace
1592 1667 1633 1715 est
1665 1668 1761 1713 sancta
1789 1660 1882 1729 rcqtties

258 1742 322 1812 quia
341 1741 467 1799 Christus
499 1743 578 1799 tertia
601 1743 646 1799 die
664 1757 678 1798 a
699 1742 780 1799 Patre
810 1743 1050 1801 suscitatur.lllud
1103 1761 1185 1818 quam
1202 1746 1475 1818 praeeepitbominus
1497 1748 1649 1803 obseruari.
1670 1746 1787 1804 llaecest
1809 1750 1881 1819 prima
1968 1776 1969 1807 1

256 1844 347 1891 autent
362 1836 435 1907 quod
455 1846 561 1909 gestum
576 1845 619 1890 est
639 1835 666 1890 io
679 1835 799 1904 Claristo,
816 1852 870 1891 uon
886 1845 991 1893 tantum
1004 1854 1049 1895 rc-
1067 1824 1088 1879 Β
1101 1840 1191 1907 diaeta,
1204 1840 1308 1896 scilicet
1318 1839 1456 1896 declinare
1467 1856 1482 1895 a
1495 1840 1577 1895 main.
1587 1838 1738 1896 'iristitiam
1749 1838 1880 1897 flaminica

256 1926 386 1993 medium,
399 1926 447 1983 sed
460 1926 542 1983 etiam
562 1925 612 1983 luit
630 1936 844 1985 sacramentum.
860 1928 987 2000 oportuit
999 1928 1050 2001 igi·
1100 1931 1240 2003 passionis
1251 1940 1343 1989 secuta
1361 1939 1403 1987 est
1418 1931 1502 2002 gloria
1521 1941 1549 1987 et
1570 1930 1701 2003 gaudium
1719 1932 1877 1988 resurrectio

256 2029 301 2076 tur
312 2029 342 2075 ut
365 2019 510 2076 visibiliter
526 2018 593 2075 loris
616 2021 703 2088 lieret,
719 2029 858 2093 quatenus
880 2021 947 2077 illud
975 2022 1048 2094 quod
1100 2024 1143 2081 uis
1157 2043 1163 2078 :
1176 2024 1220 2081 cui
1234 2032 1261 2080 et
1273 2039 1323 2079 nos
1338 2038 1579 2095 eottresurganrus,
1592 2032 1622 2078 ut
1636 2023 1663 2079 in
1679 2042 1689 2074 r
1705 2023 1821 2079 novitate
1829 2025 1878 2079 tite
1968 2008 1969 2063 Ὗ

255 2113 283 2167 iu
298 2112 377 2169 nobis
397 2110 570 2167 invisibiliter
594 2111 651 2169 Heri
673 2112 777 2181 debuit,
795 2114 971 2186 signiticaret.
985 2112 1050 2171 Dies
1100 2116 1273 2173 ambulemus
1288 2114 1376 2187 (lictu.
1392 2114 1440 2187 ur).
1453 2134 1462 2166 ι
1477 2112 1596 2170 Haecest
1610 2114 1878 2180 secundinianum

254 2205 315 2275 ejus
339 2204 510 2260 extrinsecus
534 2203 645 2261 luerunt
669 2206 851 2261 uostri:oies
883 2207 1049 2265 intrinsecus
1099 2205 1667 2265 estlacerebonum.Tertiadiaetaesteum
1682 2206 1875 2265 Douninoasceu
1968 2216 1969 2279 ζ

254 2297 393 2369 querendi
411 2306 485 2352 sunt.
504 2294 572 2353 Tres
596 2312 662 2369 ergo
676 2297 735 2353 dics
756 2298 890 2354 babetuus
918 2299 1048 2355 intrinse·
1101 2302 1175 2368 dorc,
1192 2310 1222 2357 ut
1234 2316 1290 2372 quo
1301 2300 1543 2372 praecessitcaput,
1553 2308 1706 2371 sequautur
1724 2310 1751 2355 et
1762 2302 1875 2363 membra,

254 2406 314 2458 eus,
327 2390 428 2462 qttibus
451 2390 622 2445 illuminatur
645 2390 736 2445 anima
751 2400 855 2447 nostra.
872 2391 912 2447 Ad
928 2392 1047 2463 primum
1098 2408 1276 2465 qumsursum
1287 2404 1350 2449 sunt
1360 2394 1506 2465 quaerendo
1514 2402 1539 2447 et
1551 2392 1694 2465 sapiendo.
1704 2390 1877 2450 Hancdiatatu
1968 2442 1969 2475 ,

253 2482 326 2538 diem
346 2482 771 2554 morspec-tinctadsecuudum
786 2485 1048 2556 sepulturaadtct-
1098 2484 1265 2556 lacitjustus
1279 2486 1388 2556 quando
1402 2500 1520 2556 superna
1532 2484 1754 2555 contemplando,
1767 2484 1876 2556 exprimit
1968 2484 1969 2491 ’

254 2573 322 2630 bunt
340 2575 514 2629 resurrectio.
1097 2578 1214 2632 alterum
1240 2575 1355 2631 Paulum
1378 2576 1421 2631 uel
1446 2575 1561 2630 alterurn
1597 2572 1759 2639 Hortinum,
1782 2575 1874 2629 dicem:
1968 2628 1969 2669 t

288 2663 374 2734 igitur
392 2666 419 2719 in
435 2665 478 2720 bis
502 2665 591 2721 tribus
612 2666 709 2723 diebus
731 2676 862 2723 notantur
885 2669 966 2723 etiam
992 2679 1047 2727 tres
1100 2670 1209 2742 «Cupio
1229 2671 1354 2737 dissolui,
1368 2679 1395 2725 et
1412 2666 1669 2725 essecumCltristo
1686 2666 1808 2739 (Philipp.
1826 2669 1873 2737 ti.»
1968 2670 1969 2693 l

253 2754 341 2811 dieto
357 2754 543 2823 medicinales,
559 2770 620 2826 quae
635 2765 699 2811 stunt
722 2766 817 2813 contra
836 2760 1046 2816 ratorbosuetcr-
1097 2766 1176 2835 Quod
1204 2777 1246 2823 est
1268 2776 1317 2821 tet
1342 2764 1464 2820 iultabita
1491 2764 1517 2819 in
1537 2762 1670 2819 saeeulum
1692 2763 1781 2818 seculi
1799 2762 1873 2831 (l'sul.

253 2864 338 2906 nasos
364 2849 473 2904 salubre
495 2847 660 2915 antidotum,
697 2827 807 2906 coutra'
824 2852 1046 2922 quadriduanum
1098 2860 1224 2928 xxxi-tt.»
1241 2858 1268 2913 Si
1285 2858 1334 2913 ltus
1349 2856 1443 2913 diaetas
1464 2870 1534 2927 quas
1560 2852 1645 2909 Dauid
1671 2854 1698 2908 iu
1721 2854 1771 2909 itoe
1786 2869 1872 2909 versu:

253 2940 389 2996 Lazarum
414 2940 608 3011 supercoeleste
636 2940 799 2999 balsamum.
826 2941 881 2999 Has
903 2945 1047 3001 iturisunl
1099 2950 1270 3007 ‹liceliuaa
1299 2950 1371 3005 malo
1392 2956 1419 3005 ct
1444 2946 1486 3003 lae
1510 2947 1631 3012 bonurn,
1657 2941 1698 3002 et*
1715 2944 1825 3000 inhabita
1850 2942 1871 2998 in
1968 2972 1969 2987 ι

252 3036 714 3107 poi{luminosumsacrificaturi.
732 3036 789 3095 llnc
814 3038 1045 3109 ittupraeceptum
1097 3045 1227 3102 amentum
1257 3044 1349 3100 sacculi
1375 3042 1512 3113 tillet»
1541 3049 1750 3106 commemorat,
1778 3054 1871 3110 proces.
1968 3092 1969 3097 η

252 3136 296 3185 εει
317 3130 381 3185 liliis
404 3128 486 3185 lsrael
510 3130 550 3185 irc
574 3139 604 3185 ut
627 3130 813 3186 sacrificarent
837 3130 963 3198 llomitm,
982 3146 1045 3186 curn
1070 3176 1082 3200 ,
1099 3138 1178 3203 seris,
1192 3136 1357 3193 sacrificinm
1372 3132 1593 3197 DomiuaoHcts,
1606 3132 1654 3203 qui
1680 3148 1734 3187 nou
1746 3130 1811 3185 aliud
1824 3144 1836 3183 a
1849 3138 1873 3182 te

252 3232 413 3278 crumentum
426 3239 459 3278 ex
477 3222 606 3295 AEgypto.
623 3222 741 3278 blundus
755 3224 807 3279 iste
822 3232 864 3278 est
886 3223 1046 3294 relinquen·
1099 3230 1152 3285 nisi
1160 3228 1250 3299 aequi
1260 3241 1313 3282 non
1329 3226 1401 3281 aliud
1415 3224 1506 3280 uisise
1517 3224 1591 3280 dedit
1602 3238 1654 3294 pro
1667 3232 1704 3279 te.
1717 3220 1763 3279 Vel
1778 3222 1813 3276 lac
1826 3231 1873 3275 ttts

253 3315 304 3371 dus
316 3332 370 3370 oon
383 3315 455 3384 loco,
464 3316 511 3370 sed
522 3315 626 3382 atriano,
636 3331 690 3370 nou
700 3315 826 3385 passibus
835 3314 1044 3385 proficiscendo,
1099 3320 1185 3376 diana
1198 3329 1261 3374 sunt
1280 3330 1334 3373 trcs
1349 3332 1495 3388 processus
1510 3330 1627 3387 quorum
1639 3316 1742 3387 primus
1754 3322 1789 3371 ost
1800 3312 1873 3367 ralio-

252 3407 300 3462 sed
327 3408 434 3463 actibus
454 3406 633 3480 proficiendo.
660 3406 762 3462 Harum
793 3406 875 3462 trium
903 3407 1045 3463 diaetarum
1099 3428 1183 3485 quere
1198 3411 1327 3484 peccandi
1343 3410 1588 3465 cousuetudinem.
1605 3408 1679 3463 itanc
1696 3406 1805 3463 conadit
1819 3420 1868 3459 troo

252 3500 419 3556 mentionem
444 3499 509 3557 lacit
530 3502 658 3555 sacerdos
678 3516 760 3555 orans
774 3515 824 3571 pro
844 3515 873 3555 se
895 3510 922 3556 ct
934 3516 983 3571 pro
999 3514 1047 3571 po·
1100 3506 1215 3561 multum
1231 3506 1331 3560 timens
1348 3503 1417 3573 parti
1430 3518 1496 3559 suae.
1512 3501 1638 3558 Secunda
1663 3503 1869 3558 descrereactunr
1968 3514 1969 3519 ¹

253 3593 327 3665 pulo,
354 3594 400 3648 ubi
423 3594 510 3650 dicit:
526 3614 535 3645 t
550 3593 683 3649 Mentores
707 3594 805 3650 dirinae
829 3594 967 3664 passionis
980 3601 1044 3661 tua,
1099 3606 1251 3669 peccatum,
1266 3607 1293 3651 ct
1310 3596 1382 3651 hatte
1404 3595 1529 3652 concedit
1555 3594 1664 3651 Pharao
1688 3593 1735 3650 scd
1749 3590 1871 3647 inrituset
1968 3670 1969 3677 ἵ

252 3698 303 3739 uec
313 3698 368 3737 uon
382 3684 507 3755 gloriosa
522 3684 729 3740 resurrectionis
743 3686 778 3741 ab
791 3685 896 3752 interis,
912 3698 938 3741 ct
949 3701 1047 3742 aseen-
1097 3695 1206 3749 timens,
1222 3692 1316 3750 Restat
1329 3692 1407 3749 tortia
1421 3692 1590 3761 difficillima,
1606 3692 1695 3762 ipsam
1710 3704 1810 3761 quoque
1820 3686 1869 3758 orgi

253 3772 340 3828 sionis
353 3772 380 3828 in
405 3774 540 3829 colunt.»
560 3773 632 3831 Sane
647 3777 776 3831 ducatum
802 3777 884 3847 hujus
905 3778 1045 3849 relig'onis
1097 3786 1232 3856 erpellere
1255 3800 1315 3855 qttae
1339 3792 1382 3839 est
1404 3784 1558 3840 recordatio
1582 3780 1742 3837 affectuosa.
1766 3776 1792 3834 Si
1813 3777 1870 3831 ltauc

252 3867 424 3921 consecrauit
450 3864 577 3923 Christus
592 3876 674 3939 caput
696 3857 821 3924 nostrum
837 3870 924 3925 tribus
948 3870 1045 3925 diebus
1097 3878 1205 3933 diaetam
1231 3878 1316 3932 inrito
1340 3876 1498 3932 adversario
1535 3884 1629 3931 nostro
1664 3872 1868 3945 processerimus,

253 3957 360 4024 mortis,
374 3959 594 4028 resurrectionis,
618 3961 798 4017 ascensionis.
813 3960 921 4028 Passio,
937 3962 1045 4017 crucili-
1097 3970 1186 4043 ipsum
1199 3985 1261 4025 ειιιῃ
1276 3970 1350 4026 omni
1364 3970 1458 4025 natilitio
1475 3968 1501 4022 iu
1518 3968 1633 4022 uiltiium
1649 3966 1809 4037 redigemus.

253 4046 309 4116 xio,
333 4051 482 4123 sepultura,
506 4062 593 4109 tntum
618 4063 661 4110 est
683 4071 737 4109 uua
762 4052 852 4111 attacta.
872 4055 946 4109 Sicut
970 4056 1043 4109 euim

500 4446 797 4541 uoutttttoa
835 4451 852 4538 1
900 4450 1052 4544 POST
1086 4449 1348 4545 OCTAVAS
1385 4452 1646 4547 PASCHAE.

291 4686 373 4758 eligo
396 4702 458 4743 sunt
474 4695 568 4759 pastor
590 4688 690 4745 boatu.
715 4688 807 4745 bonus
819 4700 914 4761 pastor
925 4692 1046 4746 animatu
1064 4691 1086 4746 b
1101 4695 1220 4763 pastoris
1234 4694 1268 4751 ad
1283 4694 1463 4751 differentiam
1479 4692 1640 4751 mercenarii
1655 4693 1699 4749 rel
1718 4692 1799 4755 iuria.
1819 4695 1870 4763 Qui

255 4794 334 4835 suam
344 4780 391 4835 dat
407 4795 457 4851 pro
471 4780 569 4838 oribus
583 4782 641 4839 suis
657 4782 748 4855 (locat.
764 4784 803 4852 x).
820 4804 830 4837 t
852 4782 912 4839 Non
928 4800 961 4840 ex
974 4784 1048 4839 acci·
1100 4801 1208 4856 euinque
1221 4786 1357 4857 praepositi
1369 4784 1497 4843 Ecclesiae
1509 4796 1573 4843 aurit
1583 4786 1632 4843 sulii
1643 4783 1871 4861 suotpastores.Si

253 4870 327 4928 denti
340 4872 387 4927 sed
404 4872 587 4928 essentialiter
597 4885 640 4930 est
655 4874 754 4944 bonus,
771 4876 819 4947 qui
833 4874 948 4931 lormam
965 4875 1046 4931 boni-
1100 4885 1224 4946 pastores
1236 4875 1376 4946 quomodo
1387 4891 1460 4933 ortus
1471 4878 1636 4947 pastor,oisi
1645 4880 1711 4951 quia
1725 4889 1872 4937 suntomncs

252 4961 408 5033 tutisquam
423 4962 563 5018 imitemur
573 4964 704 5036 adjungit,
717 4967 827 5021 diceus:
839 4965 1047 5035 ‹Boouspastor
1101 4966 1222 5023 membra
1239 4968 1321 5023 unius
1339 4968 1467 5039 pastoris,
1481 4968 1561 5039 cujus
1585 4980 1650 5026 sunt
1664 4988 1730 5029 ores
1751 4968 1873 5044 proprisi

254 5053 375 5109 citimam
400 5068 479 5108 ortam
500 5054 547 5109 dat
571 5070 620 5125 pto
643 5057 742 5112 oribus
763 5056 858 5112 suis.»
886 5056 962 5111 Fecit
973 5056 1045 5127 quod
1138 5058 1350 5116 tllereeaarius
1381 5070 1482 5130 autem,
1506 5046 1545 5118 'et
1562 5062 1611 5134 qui
1636 5078 1692 5119 non
1720 5074 1762 5121 est
1786 5074 1871 5135 pastor,

256 5141 373 5207 monuit,
384 5141 504 5197 ostendit
515 5144 589 5213 quod
601 5144 696 5214 jussit;
721 5146 840 5200 attimam
856 5145 958 5215 posuit,
974 5153 1004 5199 ut
1019 5144 1046 5199 in
1099 5150 1178 5220 cujus
1189 5166 1244 5206 non
1257 5159 1321 5206 suut
1332 5153 1607 5224 urespropriae,ridit
1618 5155 1714 5227 lupum
1726 5156 1872 5215 uenientem.

255 5233 380 5289 sacrario
394 5243 490 5289 nostro
500 5249 600 5305 eorpus
611 5248 726 5292 suomet
736 5238 897 5309 sanguinem
918 5246 1045 5303 verteret,
1099 5251 1125 5297 et
1137 5240 1250 5295 dimittit
1263 5256 1329 5297 ores
1351 5253 1378 5298 ει
1394 5241 1472 5314 largit,
1487 5252 1515 5301 ct
1529 5245 1611 5315 lupus
1626 5246 1698 5317 rapit
1712 5256 1739 5303 et
1759 5242 1875 5317 dispertit

254 5333 283 5381 et
297 5340 364 5382 ores
373 5342 444 5397 quas
456 5328 700 5386 redimeratcaruis
710 5346 768 5386 sure
780 5331 911 5387 alimento
922 5333 1044 5388 satiaret.
1100 5351 1175 5391 ores.
1209 5334 1394 5391 Herceaarius
1421 5346 1519 5402 ¹autem
1551 5337 1638 5410 lupit,
1664 5342 1730 5411 quia
1751 5352 1875 5395 ntcrceaa·

255 5411 378 5473 Primum
391 5421 580 5477 eatexteriora
596 5429 691 5477 uostra
713 5423 929 5481 misericorditer
948 5426 1047 5480 ouibus
1100 5428 1158 5483 rius
1171 5436 1327 5497 est,etnon
1344 5430 1461 5499 pertinet
1487 5432 1519 5486 ad
1537 5446 1598 5487 eum
1614 5432 1649 5488 dc
1671 5434 1778 5489 oribus.
1793 5451 1802 5485 t
1818 5428 1875 5497 Qui·

255 5507 427 5579 impendere3
451 5522 632 5582 postremum,
647 5514 671 5569 si
690 5529 803 5571 neeesse
822 5516 867 5582 sit,
881 5517 1045 5590 proeisdem
1100 5536 1209 5592 cunque
1225 5522 1385 5593 praepositus
1396 5521 1523 5579 Ecclesiae
1536 5524 1632 5593 qnmrit
1645 5525 1801 5595 temporalia
1811 5534 1876 5576 com-

256 5601 337 5656 mori.
350 5596 554 5660 Uadeloannes
567 5604 595 5659 in
608 5604 727 5675 Epistola
742 5622 791 5663 sua
802 5628 808 5663 :
820 5607 1049 5665 ‹Sicutcitristus
1101 5612 1191 5677 moda,
1223 5621 1249 5667 et
1264 5627 1319 5667 nou
1338 5629 1370 5669 ca
1397 5630 1458 5685 quae
1484 5625 1548 5670 sttut
1560 5594 1681 5683 'Citristi
1705 5610 1876 5671 mercenarius

257 5691 377 5747 animant
389 5710 468 5751 suam
481 5710 532 5766 pro
545 5695 625 5753 nobis
637 5698 739 5768 posuit,
758 5700 797 5757 sic
811 5712 837 5757 ct
853 5716 903 5757 uns
916 5703 1048 5759 debemus
1100 5713 1152 5759 est.
1162 5702 1200 5760 lle
1209 5704 1307 5760 talibus
1318 5704 1384 5761 dicit
1399 5705 1543 5762 Dominus:
1555 5726 1565 5758 r
1576 5707 1661 5763 Amen
1674 5707 1735 5764 dieo
1747 5705 1829 5769 robis,
1840 5716 1874 5755 ro

257 5796 307 5847 pro
318 5780 596 5859 iratribusponcre(l
608 5788 688 5843 Jotrtt.
701 5790 751 5861 tu).
764 5812 773 5843 r
787 5790 896 5849 lloccst
906 5794 1048 5864 proprium
1101 5810 1232 5869 ceperunt
1257 5802 1408 5859 mercedem
1430 5818 1507 5859 stram
1528 5802 1637 5863 tllnttlt.
1652 5804 1700 5874 rt).
1718 5824 1727 5857 ι
1749 5801 1873 5859 stereus*
