4017 6342
201 411 247 468 ttt
717 407 877 466 corrutttt
897 407 1044 464 tuttttts
1067 409 1326 468 ttbuoctbtsbsts
1788 411 1840 466 ll!

202 535 303 578 taraco·
318 520 345 576 in
365 519 474 578 llirmna
499 521 605 595 synodo
632 520 711 590 longe
732 526 795 574 ante
814 519 992 574 constitutum
1008 520 1029 575 Α
1045 526 1130 574 tutum
1145 519 1215 574 male
1226 527 1317 575 astuto
1329 519 1430 589 pastori
1446 519 1567 587 obedire,
1580 519 1627 590 qui
1639 492 1698 592 lam
1710 520 1744 575 de
1758 534 1837 576 erse-

201 612 284 670 laisse
300 613 445 682 repositum
460 613 531 684 quod
544 611 566 667 si
579 609 707 681 quislibet
719 609 858 679 impetitur
867 608 994 676 crimine,
1047 613 1156 670 cutione
1183 611 1311 682 injunctae
1324 612 1457 683 discipulo
1470 611 1635 669 obeditionis
1649 621 1838 683 argumentum

200 702 274 759 trulla
285 701 447 759 detentionis
471 701 595 758 custodia
613 708 747 766 teneatur,
767 698 814 754 sed
829 698 910 756 liceat
928 699 953 754 ei
968 699 995 753 itt
1047 703 1193 774 assumpsit
1208 711 1302 758 eontra
1326 701 1489 774 discipulum
1512 702 1666 759 criminosae
1688 702 1840 758 accusatio·

201 793 326 852 omnibus
342 793 455 850 liberam
483 792 583 848 babere
596 799 769 862 potestatem,
782 789 816 845 ad
842 789 995 860 repellenda
1047 787 1100 848 nis.
1116 791 1197 866 114
1208 791 1341 864 Praecepit
1355 792 1428 848 enim
1439 801 1535 863 pastor
1552 792 1597 847 ille
1606 791 1756 849 crudeliter
1768 803 1842 847 astu·

201 884 327 940 uidelicet
341 883 526 954 impetitorum
544 881 780 946 machinamenta,
796 887 823 934 et
837 893 994 950 praparan·
1048 893 1091 940 tas
1106 886 1150 941 ori
1163 885 1279 955 simplici
1296 895 1326 940 ιιι
1339 899 1370 942 se
1393 886 1471 955 quasi
1488 885 1559 940 inter
1573 883 1673 939 lruteta
1692 883 1841 940 absconde·

205 978 254 1032 das
268 991 332 1033 suas
352 973 555 1046 responsiones,
574 981 656 1044 atquc
679 971 829 1028 amicorum
852 969 996 1039 qraurenda
1049 983 1100 1040 ret,
1113 983 1248 1044 quatenus
1263 973 1338 1029 nullo
1352 974 1518 1030 reclamante
1531 989 1592 1030 eam
1614 972 1707 1044 lupina
1721 988 1842 1030 consur·-

199 1065 447 1136 J'arantina,douec
464 1060 998 1126 autconrirteaturreus,autlibereretur
1047 1062 1141 1118 tudine
1163 1062 1334 1118 criminando
1359 1063 1514 1119 devoraret.
1546 1061 1643 1118 Pastor
1676 1061 1722 1118 ille
1755 1062 1841 1120 bontas

205 1159 342 1215 innoxius.
368 1156 445 1225 Quod
471 1156 493 1212 si
514 1154 594 1210 aliter
615 1168 781 1226 equoquam
803 1159 996 1224 presumptum
1047 1151 1220 1220 evangelicus
1236 1151 1334 1208 lassam
1349 1166 1428 1207 orem
1441 1152 1550 1208 vexisse
1570 1152 1680 1224 legitur.
1699 1166 1755 1208 non
1769 1152 1843 1224 abje-

203 1249 296 1316 laerit,
312 1251 461 1308 secundum
473 1256 630 1304 sanctorum
645 1246 768 1303 instituta
781 1259 914 1301 canonum
926 1243 994 1299 nibil
1049 1241 1315 1313 cisselbur.1r,5),
1331 1251 1359 1298 et
1369 1257 1452 1313 qrtam
1471 1245 1629 1297 datntratanr
1643 1241 1760 1306 inserit,
1775 1239 1842 1295 libe·

203 1343 264 1409 erit,
280 1351 308 1398 et
323 1341 428 1397 viribus
444 1339 556 1396 omnino
570 1338 685 1394 carebit.
761 1319 766 1328 ¹
1048 1331 1129 1397 rasit,
1147 1345 1202 1387 non
1226 1330 1338 1386 liberam
1361 1330 1563 1387 condemnavit.
1590 1329 1693 1398 tatere,
1708 1339 1736 1387 et
1754 1329 1842 1384 valeat

486 1427 653 1487 uatstoua
672 1425 718 1483 lll.
1048 1425 1128 1481 nobis
1142 1424 1213 1496 apud
1235 1439 1296 1487 ros,
1316 1439 1421 1496 magnae
1443 1421 1618 1480 discretionis
1637 1422 1733 1488 Pater,
1757 1423 1842 1489 aeqrti-

204 1524 305 1580 itomao
320 1521 452 1578 Roiaaldo
474 1518 617 1577 laudabilis
627 1521 685 1576 aitis
697 1518 826 1588 episcopo,
839 1517 996 1572 clrorirsirao
1049 1511 1114 1567 tatis
1131 1526 1247 1567 censura
1257 1529 1265 1578 ;
1277 1511 1382 1582 decepti
1399 1512 1523 1568 monacbi
1536 1512 1709 1576 innocentla;
1726 1524 1780 1580 qua
1795 1524 1843 1566 ros

238 1615 345 1670 domino
365 1621 389 1670 et
403 1611 572 1684 precordiali
591 1611 688 1677 orrico,
712 1609 849 1680 Goffridrtr
872 1609 995 1664 Virtdcci·
1048 1599 1199 1671 diligimus,
1220 1599 1314 1656 eortlis
1337 1600 1424 1656 nostri
1445 1600 1607 1666 sinceritas;
1625 1607 1670 1669 el,
1684 1600 1707 1656 ti
1722 1615 1843 1672 unquam

239 1704 325 1758 nensis
334 1700 602 1758 monasteriibumiir‘s
613 1716 712 1767 servus,
722 1700 845 1765 salutem,
856 1715 916 1754 cum
922 1714 997 1769 puroe
1048 1687 1117 1746 bene
1136 1687 1238 1760 aliquid
1261 1687 1295 1744 (le
1316 1689 1395 1744 l‘obls
1409 1690 1568 1760 promeritii,
1585 1699 1678 1748 nosllll
1691 1689 1840 1746 bumilitas.

239 1791 504 1861 dilectioairnfferta.
1331 1778 1498 1835 satsrout
1520 1779 1554 1834 X.

240 1881 396 1948 llandastis,
413 1881 589 1939 dilectissime
602 1880 721 1948 domine,
738 1895 787 1952 per
808 1880 924 1936 fratrem
950 1895 993 1934 no
1011 1853 1033 1913 Β
1050 1870 1184 1926 flsslnaldo
1197 1871 1378 1941 Andedtventt'
1394 1871 1530 1942 eat'twrtt’,
1544 1887 1621 1940 altem
1640 1872 1668 1927 t'n
1685 1871 1769 1928 Deum
1782 1873 1843 1927 dili·

204 1981 290 2026 strum
304 1969 453 2026 liebertum
466 1968 541 2041 (tut)
559 1977 589 2026 ut
606 1969 722 2025 domnus
741 1967 885 2025 Saronicus
899 1968 933 2023 ad
950 1969 998 2022 ab·
1084 1962 1137 2031 φῦ,
1163 1960 1246 2029 frater
1270 1957 1420 2028 G⁰ilfffll³r
1440 1978 1535 2033 illlum
1550 1960 1667 2033 ejudem
1694 1963 1842 2018 dilectior&

205 2062 293 2119 batem
318 2060 497 2117 lambertum
520 2067 684 2116 revertatur.
705 2059 782 2128 Quod
804 2059 899 2116 lieeta
921 2060 998 2116 robis
1084 2052 1218 2122 affectam.

204 2154 273 2209 bona
283 2151 435 2208 intentione
446 2150 560 2219 dicatur,
573 2149 647 2206 salra
662 2157 752 2206 tamen
764 2159 864 2206 restrae
876 2151 997 2222 paterni·
1084 2142 1171 2199 Priori
1197 2151 1290 2200 nostro
1303 2153 1331 2200 ei
1344 2144 1444 2200 dotum
1466 2143 1608 2200 Ηιωθῑίῐιθ
1619 2144 1695 2216 (198)
1719 2144 1841 2212 (limfis.

205 2245 269 2298 tatis
283 2241 447 2307 reverentia,
464 2239 517 2296 boe
540 2240 656 2296 dicimus
674 2240 844 2306 inusitatum,
857 2249 885 2297 et
895 2241 922 2295 ia
941 2248 997 2297 toto
1048 2233 1120 2305 quod
1136 2234 1310 2290 adversarius
1323 2235 1542 2292 adversariorum
1557 2244 1711 2290 nostrorum
1725 2233 1842 2291 lionam

204 2347 318 2404 corpore
328 2346 463 2388 canonum
477 2346 530 2387 non
541 2329 848 2402 inveniturmtquilibet
862 2331 912 2388 sub
926 2331 998 2388 illius
1049 2327 1147 2382 iristis.
1158 2324 1293 2383 Praeterea
1307 2325 1450 2383 babebatis
1462 2327 1635 2398 dispositum,
1645 2329 1717 2398 quod
1731 2336 1841 2382 centnm

206 2437 316 2479 ntaocre
338 2420 446 2488 debeat,
470 2429 646 2491 potestates
670 2419 997 2494 quodecrimine113
1049 2419 1164 2475 libratas
1182 2417 1257 2488 (199)
1276 2418 1404 2475 Ecclesiae
1429 2429 1531 2476 nostrae
1551 2420 1664 2486 daretis,
1684 2422 1748 2490 quia
1772 2421 1843 2476 bene

205 2521 357 2570 accusatur.
373 2510 430 2567 llon
443 2525 501 2575 sos,
520 2511 680 2567 cbarissime
703 2510 794 2576 Pater,
809 2511 908 2568 doecre
930 2527 999 2582 praa-
1048 2507 1125 2564 robis
1147 2507 1308 2574 servieram,
1323 2510 1371 2565 sed
1388 2517 1483 2580 postea
1506 2509 1585 2566 bone
1603 2510 1762 2564 intentionis
1782 2510 1844 2564 ani·

204 2603 375 2668 criminosa
388 2599 653 2674 quomeliusdoceri
667 2608 695 2657 et
708 2615 865 2672 possumus,
878 2606 906 2658 et
918 2608 996 2672 opta·
1049 2611 1122 2651 mum
1136 2596 1336 2666 commutastis,
1351 2599 1415 2668 quia
1437 2608 1531 2654 eontra
1552 2613 1601 2654 ros
1614 2597 1728 2653 multum
1743 2613 1844 2668 pecea-

206 2710 276 2752 mus.
293 2695 328 2750 Et
341 2694 469 2766 quostiam
481 2691 867 2774 cognorimusrobisplaeere
882 2703 911 2748 ut
926 2707 996 2764 prae-
1048 2700 1153 2743 teratn·
1175 2675 1323 2743 Servitium
1349 2688 1458 2759 quidem
1480 2687 1556 2754 seio,
1576 2695 1717 2758 peccatum
1737 2690 1843 2742 nescio.

205 2783 292 2840 dictus
315 2782 400 2839 irater
422 2780 505 2840 iaciat
528 2779 601 2854 quod
624 2779 792 2850 mandastis,
816 2780 874 2851 ipse
900 2791 997 2837 testrae
1048 2775 1228 2846 llccmirum,
1241 2779 1369 2849 quoniam
1384 2776 1538 2846 hujusmodi
1552 2777 1732 2847 peceatumin
1745 2778 1844 2833 cbarta

204 2874 336 2930 aolrmtati
359 2889 411 2930 non
436 2872 536 2944 refugit
559 2870 680 2928 obedire.
710 2869 767 2928 lloc
790 2881 901 2938 autem,
925 2871 997 2942 quod
1048 2865 1148 2922 diaboli
1164 2883 1216 2923 non
1237 2867 1388 2934 inreritum
1408 2867 1479 2923 lleus
1495 2866 1561 2923 illud
1574 2881 1627 2922 non
1643 2865 1711 2933 odit,
1724 2881 1776 2923 acc
1790 2883 1845 2937 pro

204 2964 271 3020 ratis
281 2963 385 3032 iustum
398 2971 426 3019 et
440 2962 601 3020 eanonicam
621 2967 710 3030 potest
722 2956 807 3015 rideri
819 2972 868 3016 nec
880 2958 931 3015 sibi
943 2956 996 3014 ulla
1047 2972 1082 3014 eo
1097 2958 1241 3013 damnatur
1251 2958 1352 3026 anima,
1368 2973 1418 3015 nec
1429 2959 1616 3029 penitentiam
1628 2958 1694 3029 agit.
1710 2958 1768 3014 lloc
1786 2960 1845 3015 ion

203 3055 334 3112 canonica
355 3053 461 3109 ratione
480 3050 563 3108 tlcbet
581 3049 692 3121 negari,
711 3047 885 3106 aduteedtne
899 3057 996 3106 vestrae
1048 3049 1135 3113 sitan,
1148 3047 1220 3119 quod
1235 3048 1304 3104 bene
1318 3055 1346 3103 et
1368 3063 1440 3119 sape
1463 3049 1580 3116 serviri,
1607 3058 1749 3120 peceatum
1773 3050 1844 3107 aiibi

203 3144 313 3215 pietatis
324 3140 455 3213 deposcit,
474 3149 502 3197 et
521 3153 569 3196 nos
582 3151 644 3195 eum
663 3137 709 3194 illo
730 3136 914 3209 deposcimus,
928 3151 996 3208 qtta·
1009 3189 1032 3251 c
1048 3141 1202 3209 ascribitur,
1225 3149 1253 3196 et
1275 3141 1316 3198 sic
1340 3141 1441 3197 malum
1467 3158 1516 3213 pro
1534 3143 1617 3210 bono,
1632 3152 1660 3199 et
1675 3143 1766 3199 odium
1791 3160 1845 3214 pro

204 3247 283 3292 tenus
297 3233 468 3290 auctoritatis
481 3240 577 3288 restrae
591 3238 728 3302 precepto
743 3229 783 3286 sic
793 3227 820 3285 in
831 3228 995 3285 monasterio
1047 3231 1191 3288 dilectione
1202 3246 1261 3287 mea
1277 3230 1447 3287 retribuitur.
1465 3231 1540 3288 lianc
1551 3233 1644 3304 utique
1663 3233 1743 3305 115
1760 3235 1846 3290 retri-

205 3339 256 3382 tuo
269 3333 391 3391 maneat,
418 3337 453 3380 ne
479 3320 599 3393 quolibet
624 3332 725 3390 genere
749 3318 930 3374 damnationis
951 3317 994 3374 rel
1049 3321 1185 3378 butionem
1209 3321 1281 3377 Deus
1305 3336 1359 3377 non
1384 3321 1483 3390 docet,
1500 3321 1547 3377 sed
1572 3322 1716 3392 probibet,
1741 3325 1844 3394 etqui

203 3417 369 3473 detentionis
388 3415 568 3486 opprimatur,
593 3413 679 3468 donee
706 3418 868 3483 presentem
897 3409 996 3466 babeat
1047 3411 1121 3466 illam
1135 3419 1270 3476 sectatur,
1293 3410 1431 3467 diabolum
1448 3411 1475 3467 iu
1496 3412 1744 3489 ntalitiasaperarc
1758 3430 1846 3469 cena-

203 3518 403 3575 accusatorem,
417 3507 561 3576 locumque
582 3501 744 3560 defendendi
762 3501 878 3573 accipiat
898 3515 996 3558 conre—
1048 3510 1103 3558 tur.
1123 3500 1228 3557 iustius
1248 3499 1457 3571 enimjudieare
1480 3504 1603 3559 diabolus
1625 3504 1733 3560 ridetur
1754 3521 1842 3576 qrram

203 3606 341 3672 aientem,
363 3616 417 3674 uuo
432 3599 631 3673 blasphemiam
646 3595 778 3668 repellere
791 3594 881 3651 raleat
902 3595 995 3651 erimi-
1047 3590 1102 3660 ille,
1118 3606 1181 3647 cum
1196 3588 1320 3648 diabolus
1340 3592 1381 3649 sic
1401 3601 1465 3665 apat
1478 3595 1551 3665 quod
1564 3596 1753 3652 tantummodo
1768 3596 1842 3650 mala

203 3709 309 3753 nosant.
335 3693 411 3761 Quod
429 3693 452 3748 si
471 3688 529 3760 iam
553 3689 644 3746 dietus
666 3687 751 3746 abbas
770 3701 800 3744 se
816 3685 995 3756 exspoliatum
1045 3698 1096 3755 pro
1111 3683 1199 3747 malis,
1221 3682 1267 3740 ilie
1287 3698 1353 3740 vcro
1376 3685 1448 3740 mala
1463 3699 1514 3756 pro
1528 3687 1607 3742 nobis
1624 3686 1766 3742 retribuat.
1785 3687 1843 3757 Ego

204 3787 281 3856 dicit,
296 3775 389 3856 u'tique
404 3797 459 3840 non
472 3779 611 3846 mentitur,
625 3788 652 3836 ct
662 3778 768 3835 utinam
784 3777 994 3848 exspoliatorem
1046 3777 1069 3833 si
1083 3775 1192 3848 qrridem
1206 3793 1257 3848 pro
1270 3776 1390 3834 seruitiis
1403 3778 1471 3834 meis
1487 3777 1587 3833 nullum
1601 3778 1673 3838 aliud
1686 3781 1844 3851 praetrittttr,

204 3893 283 3934 suum
306 3884 408 3948 quanto
431 3873 540 3945 grauius
561 3880 672 3942 posset,
693 3869 880 3942 impugnaret,
903 3881 996 3942 perse-
1047 3865 1101 3921 nisi
1116 3864 1290 3920 dilectionem
1305 3874 1424 3922 rostram
1439 3866 1617 3936 quaesitive!
1632 3883 1741 3938 quaero;
1756 3884 1841 3938 quam

204 3975 348 4037 atteretur,
371 3965 458 4022 modis
480 3962 607 4019 omnibus
629 3959 786 4026 infamaret,
816 3961 880 4029 quia
903 3959 942 4015 sie
967 3958 994 4014 in
1046 3954 1158 4026 quidam
1170 3954 1345 4026 indigaecito
1368 3955 1521 4022 inveniunt,
1536 3965 1564 4011 et
1576 3957 1685 4028 quidam
1702 3959 1842 4028 satisqui·

203 4053 319 4122 loreum,
333 4069 414 4127 quam
434 4052 541 4126 pararit
555 4050 698 4123 proximo,
716 4047 821 4120 primus
848 4046 993 4103 incideret!
1047 4045 1108 4101 dem
1127 4045 1209 4116 digne
1236 4057 1297 4100 eam
1324 4057 1528 4116 promerentur,
1553 4049 1600 4104 scd
1627 4056 1676 4105 aut
1699 4065 1840 4121 minatam

203 4145 262 4218 lpse
272 4147 344 4203 eninr
359 4160 389 4202 se
401 4143 565 4216 expoliatum
578 4157 642 4197 nam
662 4139 706 4198 ubi
722 4139 793 4210 apud
808 4136 997 4195 sublimiorem
1047 4143 1267 4205 susbsequantur,
1277 4142 1326 4190 aut
1340 4136 1431 4192 subito
1448 4137 1576 4208 perdunt.
1592 4137 1649 4194 lloe
1663 4147 1753 4195 autem
1766 4141 1842 4206 dico,

203 4253 346 4309 personant
364 4235 503 4292 accusarit
526 4232 698 4305 subjeetum,
720 4230 793 4301 quod
817 4244 897 4286 suum
920 4235 994 4292 erat,
1046 4225 1119 4284 Deus
1130 4225 1194 4292 seit,
1209 4239 1263 4282 non
1275 4228 1492 4296 amaroanimo;
1505 4238 1543 4295 et,
1556 4229 1579 4284 si
1590 4231 1669 4287 robis
1680 4247 1733 4287 non
1745 4232 1844 4301 displi-

204 4329 316 4388 alterius
339 4327 481 4400 potestatis
500 4325 576 4381 lecit.
603 4323 743 4380 Siitcrtan
757 4323 791 4379 ab
806 4331 850 4388 eo,
866 4321 900 4375 ad
915 4331 996 4390 quem
1046 4322 1089 4371 eet
1120 4313 1191 4384 qaod
1219 4313 1332 4371 minime
1358 4315 1504 4387 displicere
1535 4317 1632 4385 debet,
1660 4320 1742 4376 detur
1771 4322 1840 4376 milri

201 4418 379 4494 iugulandum
393 4418 427 4473 de
440 4415 538 4486 vagina
557 4410 680 4468 mortalis
694 4409 813 4465 inlunio
829 4407 923 4465 eduxit
939 4406 997 4478 plu·
1047 4405 1206 4472 audientla-;
1231 4416 1259 4464 et
1274 4407 1346 4478 qnod
1369 4407 1471 4464 dietum
1499 4418 1542 4466 est
1566 4425 1631 4468 scra
1653 4414 1843 4483 propositione

203 4513 290 4576 dium,
312 4506 497 4564 obedientiam
525 4503 626 4576 exigit,
649 4501 749 4572 desipit
771 4500 888 4557 domnus
910 4498 1034 4580 alabasp
1046 4496 1177 4568 probabo.

203 4602 265 4669 ille,
290 4607 337 4656 aut
356 4597 470 4660 insanit,
499 4602 529 4651 et
550 4601 681 4665 apostatae
703 4592 790 4664 angeli
816 4591 995 4662 perversitate
1327 4591 1493 4648 autstout
1510 4593 1556 4648 lll.

203 4693 309 4758 nititur,
321 4689 367 4760 qtri
380 4685 536 4742 bominibus
549 4686 668 4757 suggerit
678 4691 707 4739 ut
717 4683 767 4740 sibi
779 4682 918 4751 obediant,
928 4695 996 4752 quos
1047 4679 1180 4736 boiarido
1197 4681 1321 4752 prodenti
1345 4693 1370 4738 et
1392 4684 1532 4754 multiplici
1551 4700 1645 4755 perere
1665 4685 1840 4751 pecuniarum

204 4783 367 4844 adnuerem
383 4777 429 4835 ille
445 4777 628 4850 persequitur.
652 4773 734 4831 Pater
755 4775 871 4846 optimc,
885 4781 996 4831 nonest
1081 4773 1198 4840 sublimi,
1209 4774 1294 4843 frater
1306 4773 1445 4846 Goffridur
1471 4775 1673 4834 vindocinensis
1685 4783 1841 4836 monosterii

239 4934 574 5063 (lblgflFratramnortrum
589 4929 882 5002 detentationem
898 4929 993 4998 libra,
1046 4933 1133 4988 Varro
1143 4932 1182 4987 lie
1195 4947 1225 4989 re
1245 4931 1348 4988 rustica
1362 4932 1433 4988 lbrro
1446 4934 1545 5005 primo,
1560 4935 1649 5004 capite
1664 4935 1698 4990 ll)
1714 4954 1722 4989 :
1738 4935 1778 4990 tt
1790 4938 1840 4990 lroc

202 5009 283 5062 cist.

219 5025 314 5149 pll98)
333 5075 422 5130 Priori
433 5082 522 5130 rostro
540 5081 565 5127 et
582 5071 680 5126 domno
703 5070 854 5128 llomeiirro.
881 5070 995 5142 Utrique
1045 5088 1100 5126 erre
1117 5087 1223 5126 ramora
1237 5072 1308 5141 apri,
1318 5081 1364 5125 aut
1375 5084 1535 5139 metantem,
1545 5086 1591 5128 ortt
1602 5075 1667 5146 qaid
1679 5075 1764 5138 uliud,
1778 5092 1840 5128 cara

204 5139 298 5204 teribi‘t
312 5146 358 5201 lib.
375 5161 411 5199 ιιι.
1046 5143 1080 5195 nd
1091 5141 1215 5211 jttperttrrt
1222 5151 1402 5211 perverterunt.
1413 5141 1447 5196 ld
1458 5143 1532 5197 babet
1544 5145 1668 5227 scrupulo
1678 5145 1745 5208 288,
1754 5161 1838 5214 pura·

238 5217 313 5289 (tto)
333 5214 443 5278 Centum
455 5213 577 5270 librator.
593 5212 652 5268 Lib.
668 5228 700 5279 tt,
715 5211 794 5281 epist
810 5209 856 5278 50,
871 5220 899 5266 et
914 5209 995 5280 liujus
1046 5222 1101 5265 tunt
1112 5227 1153 5264 or.
1164 5210 1242 5276 Quod
1253 5223 1319 5280 ergo
1330 5210 1412 5265 fiebat
1423 5213 1450 5266 in
1462 5214 1629 5282 partibus,rd
1641 5215 1726 5269 etiam
1741 5217 1767 5268 ia
1780 5227 1843 5269 toto

203 5286 264 5342 libri
275 5291 355 5358 epist.
367 5285 411 5348 15,
425 5285 551 5339 ducentos
568 5283 690 5347 libratur,
707 5291 787 5336 terror
806 5281 945 5335 nimirum.
964 5280 992 5334 la
1045 5295 1061 5335 a
1079 5279 1216 5335 nonnullis
1237 5279 1410 5348 factumest,
1426 5291 1456 5337 ut
1469 5284 1582 5355 integris
1596 5299 1612 5340 a
1629 5326 1632 5330 Δ
1648 5287 1655 5339 i
1671 5286 1809 5340 rnensuris
1820 5301 1839 5339 a

203 5367 337 5427 praecepta
348 5354 567 5412 satietilmdovici
583 5353 744 5423 regis,artno
757 5350 843 5405 libb:
859 5349 957 5404 Dilecto
969 5361 994 5402 et
1044 5349 1113 5405 libra
1128 5348 1169 5404 rel
1183 5347 1271 5404 solido
1290 5364 1351 5404 asae
1373 5367 1471 5407 nomen
1484 5355 1591 5409 darent.
1637 5354 1753 5410 ibratam
1771 5369 1839 5425 ergo

202 5428 275 5495 fideii
290 5422 720 5483 aortrolooaaideluleriocoin
734 5430 903 5491 urrpmentrtm
920 5419 993 5488 {cudi
1045 5429 1126 5474 terrae
1144 5417 1272 5474 dixerunt
1292 5419 1426 5488 integrum
1446 5421 1571 5494 jupemm
1595 5436 1687 5490 terror,
1716 5439 1841 5494 arapen-

202 5500 272 5564 ruod
284 5498 395 5561 terrebat,
407 5494 528 5550 dedimus
540 5503 644 5548 reatum
667 5492 777 5544 librator
791 5501 878 5544 terror.
891 5488 919 5544 ln
939 5489 992 5541 br·
1044 5503 1119 5553 nem,
1133 5497 1181 5541 aut
1192 5488 1266 5545 aliud
1278 5489 1377 5547 sirnilc.
1405 5491 1481 5548 Dicta
1496 5495 1579 5548 etiam
1594 5498 1629 5550 ab
1643 5498 1740 5548 eodem
1760 5509 1839 5563 prtn·

202 5568 294 5622 seritis
314 5565 437 5631 scilicet,
451 5563 521 5634 apud
535 5561 681 5618 Escurolas
698 5568 727 5614 et
741 5559 860 5613 blesium
876 5557 991 5613 scitota.
1044 5557 1116 5627 cipio
1139 5557 1253 5612 solidata
1279 5567 1368 5616 terras.
1392 5562 1421 5615 la
1448 5563 1548 5617 litteris
1574 5563 1686 5634 seguini
1713 5565 1837 5633 episcopi

203 5638 312 5708 Antiqui
321 5649 460 5692 ntensores
473 5635 592 5714 integras
601 5631 659 5711 apri
672 5643 813 5682 mensuras
825 5628 858 5681 ad
868 5627 993 5707 similitu·
1044 5627 1253 5682 llutiseoncnsis
1265 5645 1337 5685 arrato
1351 5630 1511 5687 {mcum
1529 5632 1685 5688 Guiiieimar
1696 5635 1728 5688 de
1738 5632 1843 5687 Oblata

203 5697 993 5764 dinentassisautlibraetaurrotas,etuneircpartssdtrt·
1043 5696 1119 5751 ortiles
1139 5697 1173 5749 at
1194 5699 1305 5754 ecclesio
1326 5700 1508 5757 Cluuianieari
1540 5717 1574 5757 tr
1600 5705 1729 5758 solidator
1756 5715 1838 5756 terror

204 5779 313 5841 dobant,
323 5787 352 5830 at
365 5775 505 5828 ridereest
517 5771 586 5838 apud
601 5766 776 5823 Columellam
792 5767 838 5821 lib.
853 5781 880 5826 a,
891 5780 950 5833 rap.
967 5767 989 5818 l.
1044 5775 1139 5821 teneret
1152 5765 1179 5818 ia
1193 5765 1298 5833 sentiam
1325 5778 1381 5824 etc.

1045 5003 1178 5082 principio·
1189 5017 1320 5057 memores
1333 5019 1522 5073 nonunquam
1536 5006 1626 5059 diram
1640 5008 1667 5059 in
1679 5006 1841 5060 subsiciuam
