4017 6342
275 368 329 424 895

824 354 986 412 tvennem
1004 346 1152 407 tuearis
1171 348 1201 403 s.
1219 344 1332 403 sensu
1841 327 1880 384 ne
1972 306 1973 335 ¹

276 478 336 546 Quo
349 477 435 547 magis
450 475 477 531 in
499 492 532 531 eo
545 471 612 529 nihil
634 479 687 538 est,
701 484 756 542 quo
780 476 883 523 tantam
898 467 980 522 habet
993 481 1062 537 pru·
1078 472 1100 525 Α
1114 477 1221 533 campo,
1238 470 1265 516 et
1276 470 1422 516 occurrens
1435 453 1543 526 regibus
1562 448 1693 512 arrideat,
1704 443 1827 498 odoretur
1838 443 1881 499 bel·

275 572 405 626 dentiam.
433 567 521 622 Credo
545 564 618 636 quod
647 577 695 635 per
724 560 920 631 indulgentiam
950 554 1058 611 Domini

273 677 366 715 rerum
398 659 535 724 omnium,
563 657 589 710 id
618 669 728 725 quoque
755 650 929 723 praescientiae
958 663 1060 703 munus

273 753 415 823 acceperit.
431 750 535 804 Etenim
552 749 575 804 si
591 745 683 801 lenmn
698 746 769 801 Deus
784 744 825 799 sic
837 743 916 799 vestit
928 750 959 796 ut
978 740 1062 794 mire-

272 860 344 906 mur,
358 842 382 897 si
405 842 493 912 pascit
516 839 647 906 volatilia,
671 838 694 894 si
717 836 823 907 paravit
843 834 934 889 corvis
957 848 1060 897 eseam,

273 935 337 1005 pulli
348 935 420 989 enim
432 935 492 1004 ejus
504 934 537 987 ad
549 930 635 987 Deum
645 931 772 987 clamant.
782 928 811 984 Si
819 922 1061 982 mulieribusdedit

272 1035 386 1081 texturae
399 1024 574 1095 sapientiam,
593 1022 615 1078 si
632 1036 771 1083 araneam,
786 1035 847 1090 quae
858 1027 914 1072 tam
923 1013 1060 1072 subtiliter

271 1119 393 1173 aedocte
403 1117 480 1172 laxos
493 1131 585 1172 casses
598 1112 740 1184 suspendit
751 1113 777 1165 in
791 1109 898 1165 loribus
907 1104 1058 1177 sapientiae,

269 1226 325 1266 non
339 1211 448 1281 reliquit
462 1210 622 1273 immunem,
640 1206 663 1261 si
679 1207 736 1275 ipsc
749 1205 876 1259 virtutem
892 1215 963 1272 equo
974 1196 1058 1263 dedit,

270 1311 299 1357 et
315 1304 397 1359 solvit
410 1303 444 1357 de
464 1302 569 1356 cervice
590 1298 650 1368 ejus
663 1296 837 1351 formidinem
854 1302 884 1349 ut
897 1292 1014 1348 exsultet
1029 1288 1056 1342 in

1113 555 1169 611 lum
1186 553 1305 619 eminae,
1318 550 1451 607 excitetur
1465 562 1533 603 sorio
1547 547 1630 611 tubae,
1644 543 1668 599 si
1681 541 1739 595 baec
1755 537 1880 593 irrationa-

1113 649 1179 705 bilia
1194 646 1324 719 pleraque
1340 652 1367 699 et
1388 642 1440 697 alia
1457 637 1626 695 insensibilia
1642 644 1671 689 ut
1685 631 1790 693 lenum,
1800 638 1827 683 ut
1838 628 1882 687 lilia

1115 741 1227 811 replevit
1244 754 1293 795 sua
1310 735 1488 807 dispositione
1502 729 1654 801 sapientiae,
1667 725 1732 797 quid
1746 722 1881 781 dubitamus

1115 833 1188 905 quod
1213 831 1295 886 etiam
1311 829 1338 883 in
1360 826 1488 882 echinum
1512 821 1659 877 contulerit
1684 816 1766 887 hujus
1786 818 1880 887 gratiam

1115 924 1301 997 praescientiae.
1317 918 1471 975 Nihilenim
1495 914 1708 985 inexploratum,
1733 909 1800 964 nihil
1824 910 1880 964 enim

1115 1010 1346 1067 indissimulatum
1364 1004 1504 1075 relinquit.
1527 1000 1625 1057 Omnia
1650 1000 1725 1055 videl
1750 999 1794 1070 qui
1813 1000 1881 1069 pascit

1114 1104 1205 1157 omnia
1216 1102 1324 1159 :omnia
1339 1099 1423 1170 replet
1435 1095 1573 1166 Sapientia
1581 1108 1643 1165 quse
1655 1092 1749 1149 omnia
1760 1091 1786 1145 iu
1796 1092 1881 1162 sapien-

1112 1196 1149 1251 tia
1160 1195 1233 1252 lecit.

771 1575 1025 1655 nomilites
1065 1570 1130 1649 DE
1157 1558 1407 1647 pessmus

308 1778 317 1809 ¹
332 1755 440 1823 Quisex
447 1755 524 1812 voltis
535 1764 630 1828 urgeret
641 1772 685 1813 me
693 1758 726 1813 de
733 1763 845 1829 peceato
858 1752 948 1825 (doen.
961 1756 1031 1821 vm).
1049 1767 1058 1801 a
1079 1751 1099 1809 Β
1114 1746 1235 1799 humana
1247 1739 1387 1796 inflatione
1399 1736 1529 1791 discreta.
1546 1728 1705 1787 Secundum
1730 1726 1830 1798 poenale
1846 1728 1882 1799 jv·

269 1848 328 1905 lton
344 1849 506 1919 dedignatur
518 1864 550 1904 er
567 1849 672 1905 ratione
688 1850 831 1906 ostendere
846 1864 875 1903 se
886 1855 1058 1917 peccatorem

269 1956 323 1996 non
336 1956 406 1995 esse.
425 1958 434 1989 r
454 1937 483 1992 Si
501 1940 643 1995 veritatem
663 1942 743 2008 dico,
764 1955 849 2010 quare
871 1954 925 1993 non
948 1934 1059 1991 creditis

270 2030 360 2086 mihi?
376 2030 428 2096 Qui
445 2038 487 2084 est
500 2046 533 2084 en
557 2030 622 2095 Deo,
637 2032 720 2087 verba
743 2032 790 2085 Dei
811 2029 897 2084 audit.
911 2026 1058 2097 Propterea

268 2137 318 2175 vos
332 2137 386 2176 raon
403 2121 513 2186 auditis,
527 2122 591 2190 quia
606 2137 637 2175 en
650 2120 706 2176 lieo
717 2137 771 2176 non
786 2121 862 2176 estis.
880 2138 890 2172 t
906 2116 976 2171 Sunt
988 2130 1059 2169 non-

268 2212 337 2265 nulli
353 2212 398 2281 qui
420 2222 551 2281 praecepta
575 2210 621 2265 [lei
636 2227 687 2265 nee
701 2226 767 2265 aure
781 2208 905 2280 eorporis
919 2207 1058 2278 percipere

268 2302 425 2373 dignantur,
433 2310 460 2356 et
472 2312 535 2357 sunt
546 2303 669 2358 nonnulli
687 2304 733 2373 iqui
746 2302 910 2373 percipiunt,
923 2298 971 2355 sed
984 2298 1058 2352 nullo

268 2396 368 2451 mentis
390 2394 526 2451 desiderio
547 2397 775 2466 complectuntur,
796 2403 823 2450 et
846 2405 910 2449 sunt
934 2390 1057 2447 nonnulli

268 2488 315 2559 qui
326 2488 439 2542 libenter
454 2488 590 2543 audiendo
605 2496 826 2559 compunguntur·
838 2486 884 2541 sed
899 2494 959 2555 post
969 2485 1058 2553 tacry-

267 2594 328 2633 mas
342 2576 375 2631 ad
392 2578 560 2647 iniquitatem
578 2579 701 2633 redeunt.
726 2578 759 2632 lli
779 2575 993 2648 proiectoveaba
1010 2572 1057 2627 Dei

266 2684 321 2722 non
334 2669 457 2734 audiunt,
472 2670 535 2739 qnia
548 2686 580 2723 ea
591 2686 717 2725 exercere
729 2671 757 2723 in
771 2684 853 2738 opere
867 2674 1055 2722 contemnunt.

267 2759 345 2816 Licet
359 2762 441 2833 igitur·
451 2776 547 2816 omnes
559 2772 624 2817 sutri
639 2762 687 2816 dlii
703 2760 750 2815 bei
764 2776 812 2829 per
829 2769 966 2822 naturam,
983 2755 1057 2826 qnod

267 2856 414 2910 ostendunt
434 2857 570 2926 parabolae
594 2856 627 2909 de
651 2856 707 2909 lilio
731 2853 802 2924 irugi
825 2861 852 2907 et
876 2850 1006 2922 prodigo;
1024 2850 1057 2903 de

266 2946 374 3001 duobus
388 2950 450 3003 liliis
462 2947 582 3003 invitatis
595 2947 629 3001 nd
644 2947 762 3011 vineam,
775 2946 814 3000 illi
831 2954 922 3000 tamen
939 2951 1003 2998 sum
1024 2957 1057 2995 ex

267 3036 376 3091 dialmlo
388 3039 551 3108 pernitiem,
567 3040 630 3108 «pitia
645 3038 727 3092 verba
740 3036 786 3092 Dei
800 3053 853 3091 non
868 3037 993 3106 diligunt.
1003 3033 1056 3100 Qui

1110 1840 1213 1894 dicium
1228 1836 1310 1891 Pater
1323 1850 1377 1889 non
1387 1832 1494 1903 judicat
1508 1842 1688 1900 quemqnam,
1705 1825 1750 1881 sed
1764 1840 1837 1881 omne
1846 1826 1881 1897 ju·

1110 1930 1211 1985 dicium
1226 1928 1300 1983 dedit
1313 1926 1399 1990 Filio;
1417 1923 1568 1979 secundum
1580 1919 1717 1990 judicium
1730 1918 1882 1976 discretionis

1108 2022 1212 2093 judicat
1242 2027 1273 2073 ut
1299 2018 1326 2072 in
1358 2016 1488 2087 psalmo:
1508 2011 1629 2067 «ludica
1650 2026 1694 2066 me
1718 2010 1785 2066 bens
1810 2008 1879 2080 (Paul.

1109 2112 1186 2182 sert).
1206 2131 1216 2165 t
1233 2110 1319 2180 liujus
1330 2107 1426 2179 judicii
1438 2106 1574 2176 expositio
1598 2104 1766 2175 seqnitur:‹
1790 2102 1819 2157 Et
1835 2104 1880 2159 dis
1972 2128 1973 2131 ¹

1110 2220 1205 2270 cerne,
1221 2202 1322 2273 inquit,
1337 2214 1447 2255 causam
1464 2212 1551 2253 meam
1573 2199 1607 2252 de
1624 2206 1705 2268 gente
1728 2212 1774 2250 non
1798 2206 1877 2251 saneta

1110 2290 1393 2365 (indissimiliter
1420 2288 1490 2343 duas
1520 2288 1686 2342 tentationes
1715 2286 1876 2355 intelligimus,

1108 2401 1224 2457 quarum
1248 2400 1301 2438 trita
1317 2382 1428 2452 decipit,
1442 2381 1527 2435 altera
1545 2380 1650 2450 probat.
1676 2378 1744 2433 Nam
1765 2379 1879 2447 scriptum

1108 2489 1170 2535 est:
1193 2478 1292 2533 «Deus
1306 2477 1441 2531 nerninem
1461 2472 1627 2543 tentatiinc.
1643 2473 1674 2543 v).
1701 2491 1710 2523 t
1741 2470 1771 2527 Ει
1797 2472 1882 2526 iterum

1109 2573 1321 2642 scriptumest:
1340 2590 1347 2619 v
1368 2568 1465 2623 Tentat
1491 2581 1540 2621 vos
1556 2566 1690 2620 Duritinns
1710 2564 1777 2619 Deus
1796 2574 1881 2623 vester.

1109 2674 1138 2718 nt
1152 2665 1220 2719 sciat
1235 2662 1257 2718 si
1274 2660 1392 2731 diligatis
1403 2676 1465 2715 etim
1481 2658 1572 2729 (deut.
1584 2658 1659 2729 stit).
1679 2676 1687 2707 v
1707 2654 1740 2711 Ut
1765 2658 1829 2709 aciat
1849 2656 1882 2709 di·

1108 2766 1181 2811 ctnm
1193 2764 1234 2810 cst
1246 2769 1295 2825 pro
1310 2754 1377 2807 scire
1391 2754 1483 2823 [aciat.
1497 2752 1548 2805 lob
1562 2750 1663 2805 latebat
1689 2765 1729 2813 se,
1747 2750 1792 2803 sed
1812 2747 1881 2801 ileum

1108 2866 1173 2905 non.
1186 2848 1303 2902 Admisit
1314 2844 1386 2901 Deus
1403 2854 1578 2909 tentatorem,
1592 2851 1619 2897 et
1631 2842 1697 2897 lecit
1712 2858 1771 2897 eum
1793 2841 1832 2895 sui
1845 2856 1883 2893 eo-

1109 2942 1251 3013 gnitorcm.
1270 2938 1315 2994 Sic
1327 2947 1353 2993 et
1371 2937 1425 2992 duo
1449 2937 1562 2990 timores
1588 2943 1673 2989 sunt:
1693 2932 1806 2997 servilis,
1831 2946 1883 2986 eum

1109 3034 1189 3087 times
1207 3046 1240 3085 ne
1255 3030 1370 3099 patiaris
1388 3042 1519 3099 poenam;
1541 3034 1646 3091 cestus,
1673 3039 1735 3079 cum
1761 3022 1834 3077 times
1854 3036 1883 3075 ne

267 3147 334 3187 vero
355 3140 538 3187 renascuntur
563 3147 595 3186 ex
623 3129 678 3185 beo
695 3130 878 3202 generationis
901 3109 1090 3199 adoptione,C
1108 3126 1216 3180 tttttitlas
1229 3123 1375 3195 justitiam.
1388 3122 1510 3176 Alterum
1528 3118 1647 3190 perlecta
1674 3118 1791 3174 charitas
1820 3116 1884 3171 laras

268 3225 386 3279 audiunt
400 3224 514 3279 verbum
528 3223 576 3279 liei
589 3232 615 3278 et
630 3223 798 3279 custodiunt.
1107 3218 1189 3273 mittit
1203 3217 1325 3271 timorem
1342 3212 1433 3285 (lonii.
1451 3213 1508 3283 rv);
1525 3213 1640 3267 alterum
1654 3220 1752 3275 serrat,
1766 3225 1814 3264 nos
1829 3218 1884 3262 anto

306 3314 539 3385 «Responderunt
564 3318 647 3389 igitur
674 3317 770 3381 iudei,
794 3323 821 3370 et
844 3314 973 3370 dixerunt
998 3312 1024 3368 ei
1048 3331 1055 3371 ;
1108 3307 1192 3363 boum
1209 3322 1375 3377 permanens
1398 3305 1426 3359 in
1453 3304 1584 3361 saeculum
1601 3300 1812 3359 saeculi.Namet
1826 3316 1884 3354 mu-

266 3406 362 3463 Nonne
377 3407 575 3463 benedicimus
590 3425 641 3464 rios
652 3408 717 3479 quin
729 3405 918 3461 Samaritanus
933 3421 965 3459 es
987 3413 1015 3459 tu
1031 3413 1058 3460 et
1107 3398 1157 3453 liet
1171 3399 1293 3454 adultera
1308 3397 1385 3453 timet
1395 3413 1428 3453 ne
1439 3397 1481 3452 vir
1493 3397 1554 3468 ejus
1567 3396 1670 3463 veniat,
1685 3404 1762 3460 casta,
1783 3408 1816 3447 ne
1842 3390 1884 3447 vir

267 3498 430 3555 decennnium
447 3498 552 3554 babes?
569 3519 579 3551 r
597 3499 766 3569 deceperant
787 3496 952 3552 Seruaritani
964 3494 1057 3550 Donni·
1107 3490 1167 3560 ejus
1180 3489 1317 3545 abscedat.

267 3606 345 3657 rrum,
358 3595 470 3660 qnando
482 3590 590 3645 locutus
603 3599 644 3645 est
657 3590 764 3645 mulieri
778 3588 811 3643 ad
825 3588 939 3654 iontem,
952 3595 979 3642 et
993 3600 1057 3642 cum
1145 3580 1789 3650 rhmen,amendicovubis.siquisserroonem
1800 3592 1886 3632 meunt
1972 3598 1973 3601 ¹

266 3683 308 3739 eis
324 3697 501 3738 conversatus
513 3692 580 3737 erat.
595 3681 701 3737 Vocant
722 3682 805 3753 igitur
819 3696 881 3736 enm
902 3679 987 3735 iudaei
1008 3679 1057 3734 Sa·
1107 3676 1256 3733 servaverit
1272 3684 1387 3731 mortem
1401 3690 1455 3729 non
1468 3673 1568 3728 videbit
1579 3674 1606 3727 in
1620 3684 1764 3730 arternum.
1776 3690 1786 3724 t
1796 3670 1889 3725 Exem-

267 3775 430 3829 maritanum
444 3775 523 3846 quasi
545 3784 727 3845 peecatorem,
743 3775 808 3845 quia
824 3782 980 3845 peccatores
994 3771 1057 3828 illos
1107 3766 1152 3839 plo
1168 3782 1220 3823 suo
1231 3781 1282 3822 nos
1296 3766 1423 3821 admonet
1435 3781 1479 3832 ne,
1492 3782 1555 3821 curn
1576 3767 1713 3820 maiorum
1734 3766 1887 3835 perversitas

266 3864 438 3935 reputabant,
451 3881 503 3921 nee
519 3866 559 3921 eis
572 3866 766 3921 coutebantur.
1106 3861 1216 3928 erescit,
1228 3860 1375 3931 praedicare
1388 3876 1540 3925 cessemus,
1554 3860 1619 3931 quia
1642 3870 1671 3916 et
1695 3862 1758 3917 boni
1770 3862 1890 3915 meliores
1972 3844 1973 3853 ¹

305 3953 483 4027 «Respondit
499 3955 598 4013 lesus:
615 3956 670 4028 Ego
689 3956 855 4012 daemonium
879 3970 935 4011 non
957 3955 1056 4025 habeo,
1107 3970 1155 4025 per
1167 3953 1348 4009 contumelias
1362 3952 1432 4007 stunt
1452 3962 1480 4009 et
1505 3953 1615 4024 reprobi
1639 3954 1673 4009 de
1693 3952 1822 4009 benetieio
1848 3966 1889 4022 pe·

267 4050 314 4105 sed
327 4050 479 4105 honorilice
502 4049 609 4106 Patrem
625 4066 729 4117 meum,
744 4059 771 4105 et
794 4065 844 4104 vos
869 4048 1057 4104 inhonorastis
1104 4047 1189 4117 iores.

266 4158 321 4197 me.
342 4142 487 4197 »Alterum
502 4144 536 4199 de
546 4144 654 4199 duobus
668 4144 782 4213 objectis
796 4143 915 4214 negavit.
933 4140 1055 4197 Samari·
1146 4157 1155 4190 r
1172 4136 1377 4209 Dineruntergo
1392 4134 1478 4192 iudaei
1493 4156 1499 4192 :
1512 4134 1592 4192 Nunc
1616 4136 1812 4208 cognoscimus
1833 4135 1890 4206 quia

267 4240 347 4287 tanus
363 4235 436 4288 enim
459 4234 654 4304 interpretatur
680 4241 834 4287 castraret
855 4232 997 4287 custodem
1028 4244 1057 4287 se
1107 4228 1270 4286 demonium
1296 4230 1388 4285 habes.
1415 4230 1552 4285 Abrabam
1582 4238 1708 4285 mortuus
1731 4240 1816 4285 estet
1834 4244 1892 4299 pru-

266 4338 390 4380 essenon
407 4326 524 4396 negavit.
544 4324 602 4379 Non
616 4326 690 4379 enim
708 4325 840 4380 dormitat
864 4324 912 4394 qui
935 4324 1057 4379 custodit
1107 4324 1204 4394 pbetae,
1222 4331 1248 4378 et
1263 4322 1375 4378 tudinis
1395 4341 1402 4377 ε
1424 4322 1453 4376 Si
1467 4322 1530 4393 quis
1544 4338 1701 4378 sermonem
1723 4339 1814 4378 nrenm
1840 4338 1892 4377 ser-

266 4416 347 4473 lsrael
362 4417 449 4487 (Paul.
468 4418 542 4489 can).
559 4417 593 4471 Et
607 4418 659 4473 nisi
679 4416 813 4492 Dominus
840 4416 1002 4472 custodierit
1017 4415 1056 4471 ci·
1072 4454 1093 4509 D
1107 4416 1221 4482 raverit,
1236 4422 1350 4470 mortem
1364 4414 1746 4487 nongustabitinneternum.»
1760 4414 1798 4470 De
1810 4422 1894 4469 morte
1972 4426 1973 4431 ’

265 4506 376 4563 vitatem
400 4508 501 4564 frustra
533 4509 628 4579 vigilat
653 4510 706 4580 qui¹
726 4510 845 4565 custodit
872 4524 933 4563 eam
961 4508 1051 4578 (Pari.
1108 4505 1235 4571 secunda,
1251 4511 1338 4560 morte
1352 4506 1500 4576 gehennae,
1517 4516 1604 4561 vnorte
1621 4508 1808 4561 damnationis
1835 4520 1894 4559 cum

266 4600 369 4671 cxxvi).
382 4599 443 4654 Non
455 4600 653 4655 contumeliosa
674 4600 757 4655 verba
778 4599 917 4670 respondit
937 4600 1057 4669 quivere
1106 4599 1214 4654 diabolo
1232 4598 1309 4664 dicit,
1323 4599 1388 4668 quia
1412 4596 1611 4653 nechbralmm
1631 4610 1759 4655 mortuus
1780 4610 1833 4666 est,
1849 4612 1896 4652 nee

266 4690 433 4761 respondere
458 4698 553 4761 posset
570 4709 577 4744 ε
594 4688 649 4746 Vos
670 4690 836 4746 daemonium
858 4690 975 4744 habetis.
1003 4686 1056 4744 Sed
1106 4690 1254 4761 prophetae.
1277 4688 1317 4744 llli
1339 4690 1414 4743 enim
1438 4690 1539 4745 mortni
1567 4700 1642 4759 sunt,
1669 4702 1697 4747 et
1713 4693 1829 4759 vivunt3
1854 4690 1895 4744 isti

267 4784 393 4855 superbia
407 4793 502 4838 nostra
514 4783 559 4838 bic
571 4783 759 4839 confunditur.
771 4781 831 4837 lam
846 4781 913 4852 quid
928 4781 1007 4836 nobis
1022 4796 1056 4837 ex
1107 4784 1233 4839 vivebant
1246 4791 1273 4838 et
1283 4781 1383 4835 rnortui
1399 4788 1487 4837 erartt.
1501 4780 1613 4837 llortem
1629 4784 1723 4839 videre
1734 4784 1775 4838 vel
1786 4792 1898 4853 gustare

267 4878 321 4932 boc
333 4877 468 4943 innuitur,
482 4876 535 4932 nisi
557 4889 588 4932 ut
609 4892 643 4931 eo
656 4884 779 4946 tempore
799 4889 855 4945 quo
882 4889 898 4929 a
923 4873 1056 4943 proximis
1107 4885 1218 4933 esteam
1233 4874 1362 4945 experiri.

267 4967 350 5024 falsas
379 4967 560 5024 contumelias
583 4970 741 5039 accepimus
761 4981 858 5022 eorum
872 4966 953 5021 etiam
972 4966 1055 5020 rerba
1145 4968 1297 5039 ‹Nunquid
1312 4979 1340 5024 tu
1355 4969 1443 5038 major
1465 4984 1494 5024 es
1520 4975 1596 5039 patre
1622 4978 1716 5023 nostro
1744 4968 1895 5029 Abrabam,

266 5062 338 5116 mala
351 5070 499 5127 taceamus,
523 5078 557 5117 ne
573 5062 734 5134 mysterium
758 5068 860 5115 nostrae
874 5058 1055 5129 correptionis

266 5170 342 5209 arura
353 5164 492 5208 vertamus
508 5154 620 5209 luroris,

303 5265 314 5298 r
328 5244 385 5316 Ego
399 5245 511 5317 gloriam
528 5262 615 5301 meam
631 5262 685 5301 non
700 5260 804 5315 quaero,
822 5252 864 5299 est
881 5244 927 5314 qui
951 5256 1056 5315 (quaerat

265 5347 292 5392 et
312 5339 453 5408 judicet.»
487 5337 545 5393 Non
574 5355 668 5408 quero
703 5338 820 5408 gloriam
848 5338 1052 5393 sicutsimuln-

266 5416 402 5500 tores'qui
422 5440 546 5501 quaerunt
559 5430 645 5483 videri
664 5430 735 5499 quod
748 5445 802 5484 non
819 5438 893 5484 sunt.
917 5428 964 5485 Est
974 5430 1056 5486 Pater

266 5521 314 5591 qud
326 5523 425 5592 quaerit
438 5523 553 5593 gloriam
567 5537 667 5588 meam,
681 5530 709 5576 et
727 5520 842 5591 judicet,
859 5521 885 5576 id
896 5530 939 5577 est
950 5522 1055 5577 discer-

196 5658 201 5667 .
267 5624 337 5668 nata
353 5614 440 5685 gloria
464 5624 564 5681 vestra,
589 5614 653 5685 qnia
672 5630 722 5670 vos
748 5616 897 5670 secundum
923 5614 1052 5669 saeculnm

157 5716 165 5731 ·
265 5706 431 5775 gloriamini,
452 5723 506 5759 non
532 5707 663 5776 ego;sed
695 5722 726 5760 ea
751 5705 836 5776 gloria
866 5719 948 5776 quam
969 5706 1053 5760 habui

264 5797 336 5867 apud
350 5796 458 5852 Patrem
483 5806 631 5877 antequam
649 5798 768 5854 nntndns
793 5808 875 5866 esset,
889 5812 950 5868 quae
962 5805 1003 5853 est
1018 5798 1052 5855 ab

1106 5060 1152 5131 qui
1170 5070 1293 5116 mortuus
1308 5070 1359 5117 est.
1374 5060 1407 5116 Et
1425 5062 1562 5131 prophetae
1584 5063 1687 5114 mortni
1716 5071 1791 5115 sunt.
1812 5060 1897 5127 Quem

1106 5156 1222 5225 teipsum
1251 5153 1338 5209 iacis?
1362 5154 1512 5225 Respondit
1529 5152 1611 5208 lesus
1628 5154 1676 5207 :Si
1704 5170 1755 5225 ego
1775 5152 1901 5223 glorilieo

1106 5248 1239 5315 meipsum
1255 5246 1340 5317 gloria
1359 5261 1419 5299 mea
1445 5245 1513 5299 nihil
1530 5251 1582 5299 est.
1598 5244 1646 5299 Est
1660 5242 1741 5300 Pater
1755 5261 1837 5300 nteus
1854 5244 1900 5314 qui

1106 5338 1238 5406 glorilicat
1251 5354 1303 5405 me,
1318 5354 1398 5408 quem
1413 5354 1461 5393 vos
1472 5338 1632 5406 dicitisquia
1649 5336 1721 5393 lleus
1742 5346 1836 5391 vester
1848 5344 1901 5403 est,

1105 5440 1132 5485 et
1151 5448 1204 5486 tion
1221 5432 1389 5502 cognovistis
1409 5448 1483 5487 eum.
1499 5430 1557 5503 Ego
1573 5442 1663 5486 autem
1679 5433 1741 5486 novi
1766 5446 1850 5485 eum.
1870 5428 1902 5481 Et

1105 5524 1127 5578 si
1153 5525 1248 5579 dixero
1271 5525 1335 5595 quia
1359 5539 1413 5579 non
1437 5524 1494 5580 seio
1519 5541 1594 5589 eum,
1609 5540 1656 5579 ero
1682 5524 1777 5579 similis
1806 5522 1903 5589 nobie,

1105 5617 1231 5671 mendax.
1246 5614 1298 5671 seu
1315 5616 1372 5671 seio
1387 5632 1460 5683 euttt,
1478 5624 1505 5670 et
1522 5632 1675 5671 sermonem
1688 5617 1747 5687 ejus
1764 5630 1867 5669 servo.
1890 5634 1901 5665 t

1107 5706 1267 5762 Sermonem
1283 5708 1372 5763 Patris
1386 5716 1414 5763 ut
1433 5706 1694 5778 Filiusloquebatur
1705 5727 1712 5763 :
1724 5718 1749 5762 et
1763 5707 1830 5777 ipse
1842 5715 1905 5761 erat

1104 5796 1224 5855 i'erbum
1243 5796 1342 5867 Patris,
1354 5798 1400 5869 qni
1420 5798 1577 5855 hominibus
1593 5800 1760 5870 loquebatur.
1781 5796 1814 5853 Si
1833 5814 1904 5869 ergo
