4017 6342
124 283 179 360 rsi
608 306 895 367 nsrnomrrorvss
914 308 967 367 ss.
986 262 1143 365 ravenn.
1158 334 1195 357 -s
1210 304 1275 365 nra.
1292 303 1312 361 ι.
1734 306 1785 365 roo

166 439 176 473 r
195 418 268 477 llaec
281 413 381 482 autem
395 442 434 484 co
448 424 592 498 cogitante,
607 427 671 481 ecce
684 425 812 496 angelum
828 425 936 480 Donrini
952 434 973 489 Α
988 424 1114 489 voluerit,
1126 422 1237 479 beatam
1248 421 1297 479 Dei
1308 420 1484 491 Genitrloem,
1496 436 1666 493 nunquama
1681 419 1782 493 ioseph
1811 394 1817 425 '

131 512 264 583 apparuit
278 516 307 571 ei
322 516 421 575 dicens
438 517 570 588 :ioseph
583 516 621 572 lili
645 514 741 585 David,
762 518 820 572 noli
842 518 939 575 timere
988 514 1133 571 celebratis
1151 514 1265 583 nuptiis,
1287 513 1315 568 in
1336 528 1436 568 nomen
1460 514 1586 585 coniugis
1602 522 1783 583 assumptam,

135 604 262 674 accipere
278 605 400 665 llariam
414 609 559 679 coniugem
575 619 661 663 tuam.
677 608 756 675 Quod
774 609 848 663 enirn
864 609 892 663 in
904 624 937 665 ea
988 613 1106 676 exponat
1122 604 1179 674 ipss
1195 604 1294 659 melius
1317 604 1391 659 hunc
1410 604 1499 659 sancti
1514 603 1653 675 Evangelii
1668 603 1759 657 locum
1775 620 1782 657 :

138 705 232 748 natum
244 703 290 751 est
305 696 452 769 despiritu
468 705 564 753 saneto
581 706 633 754 est.
647 696 737 755 Pariet
747 706 838 754 autem
850 699 937 755 lilium
987 698 1143 768 pariterque.
1163 694 1291 751 ostendat
1304 695 1409 750 licitum
1428 693 1514 751 inisse
1532 696 1604 768 apud
1618 694 1737 760 ludaeos,
1753 702 1784 749 ut

141 792 167 838 et
176 784 288 841 vocabis
302 802 406 843 nomen
420 787 481 859 ejus
492 786 603 856 iesum;
619 787 678 859 ipse
691 788 764 843 enim
777 788 883 843 salvum
896 788 937 842 ia·
986 803 1095 861 sponsae
1120 802 1178 843 sure
1201 787 1320 858 quisque
1350 787 1454 843 carnali
1480 788 1577 857 copula
1608 786 1781 852 misceretur,

144 876 194 931 ciet
207 877 342 947 populum
356 894 438 935 suum
453 895 468 934 a
483 880 602 949 peccatis
613 894 719 935 eorum.
732 899 741 932 r
755 880 861 947 Quibus
875 894 938 951 pro·
985 897 1054 939 sano
1073 883 1133 954 ejus
1154 881 1291 937 intellectu
1312 878 1429 937 libenter
1456 881 1589 949 ccdimus,
1615 888 1720 935 tantum
1747 894 1782 935 ne

143 964 213 1021 iccto
227 966 320 1022 verbis
342 969 443 1025 modus
463 968 652 1039 conceptionis
668 970 740 1039 ejus,
754 970 878 1025 simulet
893 970 937 1025 di-
985 990 1049 1045 erga
1061 974 1172 1029 llatrent
1186 972 1293 1029 Domini
1304 973 1454 1043 quidquam
1466 984 1573 1045 gestum
1584 974 1656 1045 quod
1671 972 1780 1044 publica

144 1058 254 1128 gnitatis
274 1068 373 1129 partus
387 1060 526 1128 educetur,
542 1061 608 1131 quia
625 1060 752 1116 videlieet
772 1062 807 1118 de
830 1060 934 1132 Spiritu
985 1066 1116 1136 opinione
1134 1074 1228 1135 posset
1250 1063 1378 1119 iniamari
1391 1064 1548 1121 credamus.
1563 1064 1641 1131 Quod
1654 1080 1719 1121 vcro
1732 1065 1780 1121 ad-

143 1159 238 1204 sancto
251 1152 387 1221 concepit,
399 1152 557 1222 etparitura
568 1151 856 1219 sitGlrristum.Quem
866 1166 895 1209 et
909 1153 933 1210 si
983 1156 1059 1211 ditur
1078 1172 1087 1206 r
1105 1154 1192 1211 donec
1213 1153 1319 1225 peperit
1334 1152 1420 1209 lilium
1436 1168 1516 1211 suurn
1536 1154 1746 1225 primogenitum
1765 1172 1776 1207 r

141 1250 235 1310 aperta
247 1257 314 1297 voce
326 1244 440 1314 angelus
449 1242 590 1299 Christum
603 1258 657 1297 non
674 1244 800 1314 appellet,
814 1244 883 1299 ineo
893 1256 935 1300 ta-
984 1260 1066 1300 nemo
1093 1246 1129 1300 ita
1155 1245 1359 1315 intelligendum
1391 1251 1468 1315 putet
1492 1244 1573 1315 quasi
1602 1254 1663 1315 post
1684 1255 1778 1305 notura

142 1349 202 1387 men
209 1334 282 1403 qued
291 1335 472 1406 etymologias
483 1334 601 1391 nominis
611 1334 675 1391 iesu
682 1349 832 1406 exponens,
842 1336 933 1406 ipsum
983 1336 1070 1391 illium
1089 1352 1151 1391 eam
1166 1336 1336 1408 cognoverit,
1348 1344 1379 1391 ut
1390 1336 1501 1407 qnidam
1524 1351 1651 1407 perverse
1664 1339 1780 1409 opinan-

141 1425 238 1480 salutis
250 1426 370 1481 ostendit
383 1427 932 1497 arrctorcm,populorumquesalratorem
983 1438 1038 1485 tur.
1051 1428 1127 1487 Scire
1136 1431 1209 1486 enim
1223 1430 1302 1485 dehet
1316 1436 1405 1484 vestra
1420 1426 1577 1486 fraternitas
1591 1428 1656 1499 quia
1669 1428 1781 1487 luerunt

140 1529 171 1567 ae
181 1515 314 1585 populum
335 1515 396 1585 ejus
419 1526 558 1585 nuncupat
576 1513 722 1571 manifesta
738 1516 852 1583 ratione,
867 1518 931 1585 quia
982 1522 1102 1578 haeretici
1118 1522 1178 1594 qui,
1191 1531 1301 1593 propter
1315 1520 1369 1580 hcc
1384 1522 1457 1591 quod
1472 1520 1651 1593 dictumest«
1664 1536 1718 1576 non
1731 1536 1780 1577 co·

140 1604 179 1659 sic
193 1602 336 1660 Christum
348 1604 485 1675 signifieat
498 1613 529 1659 ut
541 1622 590 1676 per
601 1605 660 1662 haec
680 1614 782 1677 etqua
797 1606 933 1661 nescierat
982 1615 1130 1685 qnosoehar
1150 1630 1211 1669 earn
1232 1614 1319 1669 donec
1342 1614 1446 1683 peperit
1468 1614 1575 1681 lilium,
1602 1632 1611 1667 r
1637 1614 1781 1669 crederent

139 1694 335 1765 dicatloseph,
349 1705 405 1750 citt
421 1703 548 1751 contactu
569 1694 617 1750 Dei
636 1694 784 1751 Geniiricis
807 1694 931 1752 itllltiiitls
981 1704 1095 1761 Mariam
1111 1714 1173 1776 post
1193 1714 1286 1759 natum
1300 1702 1448 1763 Dominum
1464 1706 1602 1776 cognitam
1622 1720 1683 1761 esse
1702 1703 1778 1759 alo-

137 1796 257 1842 fflilllssffl
282 1794 420 1845 mmai·
439 1785 546 1858 (ΒΜ)
562 1786 650 1853 Quam
674 1794 767 1842 imin
788 1770 968 1858 ⁶5⁸W⁰⁸³·B
981 1798 1060 1868 seph,
1076 1807 1103 1853 et
1127 1798 1190 1853 inde
1211 1806 1288 1852 ortos
1302 1811 1351 1853 eos
1375 1813 1447 1868 quos
1467 1796 1565 1853 iratres
1580 1795 1687 1853 Domini
1703 1796 1779 1853 Serin
1874 1802 1879 1812 “

137 1879 213 1935 tione
234 1879 319 1950 inst-'e
340 1879 513 1935 necessitatis
532 1879 657 1949 accipere
674 1879 789 1949 iubetur
812 1879 874 1935 ⁵⁰¹⁰
895 1878 931 1935 lle
981 1895 1060 1957 ptura
1083 1886 1212 1958 appellat,
1235 1894 1408 1941 assumentes
1427 1894 1455 1941 et
1479 1886 1532 1941 hoc
1554 1886 1581 1941 in
1610 1886 1777 1955 adjutorium

137 1970 249 2025 nomine
262 1971 420 2044 coniugem,
436 1986 470 2026 ne
480 1970 607 2028 videlieet
625 1970 706 2041 quasi
723 1970 846 2027 adultera
865 1970 931 2039 lapi·
980 1979 1024 2035 sui
1036 1978 1137 2034 erroris
1147 1978 1220 2048 quod
1232 1977 1431 2047 primogenitus
1441 1985 1623 2047 nutrcupatur.
1640 1976 1775 2033 Dominus

136 2060 398 2130 dareturaiudaeis,
412 2072 484 2119 etut
498 2061 803 2135 indigypturuiugiens
817 2064 930 2120 haberet
979 2070 1053 2127 Deus
1078 2078 1183 2126 avertat
1213 2069 1285 2125 hanc
1309 2069 1508 2139 blasphemiam
1533 2084 1548 2123 a
1574 2069 1627 2124 lide
1652 2070 1776 2125 omnium

136 2150 265 2205 ”hlium
289 2153 417 2219 mtssfflli,
435 2154 483 2224 qul
507 2152 638 2209 ffflfflffl
659 2168 727 2210 ⁰¹¹¹ss
750 2161 778 2209 θῑ
800 2163 874 2210 ῑῦῑθι
889 2152 930 2209 ie·
979 2170 1114 2230 nostrum,
1137 2162 1273 2231 donetque
1299 2160 1376 2216 nobis
1396 2160 1537 2216 Catholica
1551 2168 1651 2230 pretate
1674 2158 1776 2215 intelli·

136 2240 235 2297 mineae
247 2241 414 2315 iragilitatis‚
429 2254 458 2299 et
470 2245 547 2299 testis
558 2244 620 2314 eius
630 2252 769 2315 perpetuas
785 2244 928 2315 virginita-
978 2270 1042 2326 gere
1063 2260 1190 2325 parentes
1215 2252 1303 2308 nostri
1329 2250 1483 2311 salvatoris
1503 2250 1663 2305 intemerata
1687 2250 1773 2307 luisse

136 2340 171 2396 tls
182 2343 323 2406 existeret,
338 2341 463 2399 Drodunt
475 2342 610 2398 Catholici
624 2343 796 2413 expositores
809 2350 838 2397 et
858 2343 928 2399 alias
978 2358 1085 2414 semper
1097 2342 1251 2414 virginitate
1267 2342 1423 2412 praeclaros,
1440 2350 1467 2397 ct
1489 2354 1542 2395 non
1560 2339 1641 2407 lilios,
1656 2341 1702 2397 sed
1724 2356 1774 2396 co·

136 2448 235 2489 causas
248 2448 336 2503 quare
356 2432 404 2489 Dei
424 2432 589 2489 Gonitriccm
604 2430 705 2503 loseph
728 2433 853 2503 accipere
877 2433 927 2488 de-
977 2443 1075 2506 gnatos
1097 2448 1193 2489 eorum
1208 2431 1308 2489 iratres
1326 2432 1434 2488 Domini
1461 2430 1666 2503 scripturarum
1700 2445 1776 2486 urorc

135 2520 224 2577 buerit
247 2524 405 2595 conjugem.
417 2522 493 2591 Quas
509 2524 538 2579 iu
558 2524 627 2588 suis,
646 2523 693 2593 qui
717 2524 786 2592 vult,
809 2524 928 2579 inveniet
977 2525 1140 2596 nuncupari.
1155 2524 1208 2580 Sed
1225 2526 1261 2579 ab
1283 2524 1309 2580 id
1325 2524 1522 2595 evangelistam
1540 2538 1574 2577 an
1601 2531 1662 2594 post
1678 2532 1775 2577 tratum

135 2614 210 2669 locis.
237 2615 357 2671 Adhibet
380 2625 471 2671 autem
495 2614 662 2686 evangelista
683 2614 772 2684 partui
800 2614 927 2684 virginali
975 2612 1077 2669 Filium
1089 2613 1137 2669 Dei
1150 2628 1212 2669 eam
1228 2613 1383 2685 cognoverit
1399 2612 1490 2667 dicere
1503 2628 1557 2669 uon
1570 2626 1693 2679 curasse,
1710 2611 1776 2681 quia

132 2706 216 2760 etiam
231 2707 383 2778 prophetici
400 2706 537 2763 sermonis
548 2705 714 2776 exemplum,
728 2714 759 2760 ut
773 2712 856 2761 mnlae
875 2706 928 2761 nri·
976 2704 1044 2759 nulli
1065 2703 1100 2760 de
1123 2705 1176 2760 hoc
1201 2702 1392 2774 ambigendum
1414 2703 1591 2772 putaverint,
1613 2700 1686 2772 quod
1709 2716 1776 2758 con·

131 2797 259 2853 raculum
269 2796 927 2867 majestatiscocerrrusrrrleretor,quodhocnoo
973 2796 1064 2867 juges,
1087 2796 1187 2867 quihus
1220 2794 1248 2849 in
1276 2793 1442 2865 virginitatis
1470 2794 1635 2853 castimonia
1663 2808 1773 2865 perma-

131 2892 223 2945 solum
241 2890 302 2960 ipse
324 2892 417 2946 lictum
438 2890 570 2953 erederet,
586 2888 634 2944 sed
653 2889 771 2944 etiamn
796 2889 926 2959 propbeta
976 2887 1117 2955 uentibus,
1148 2886 1196 2943 Dei
1213 2885 1313 2943 Filium
1335 2887 1411 2943 nasci
1424 2886 1555 2957 singulari
1570 2887 1660 2957 gratia,
1680 2886 1774 2943 datum

129 2982 293 3054 praedictum
316 2982 460 3037 recoleret.
476 2980 543 3035 Nam
561 2995 588 3035 et
605 2981 671 3037 huic
690 2981 874 3050 evangelistae,
898 2980 926 3035 id
975 2988 1027 3047 cst,
1051 2980 1206 3035 nuDawnus
1220 2995 1253 3036 ox
1266 2994 1301 3037 eo
1326 2978 1459 3035 castitatis
1471 2978 1536 3050 jura
1561 2987 1696 3039 temerare
1722 2993 1774 3049 po·

128 3082 172 3127 cst
189 3070 322 3128 liatthaeo
338 3074 425 3127 moris
439 3082 481 3129 cst
499 3072 592 3127 omnia
612 3080 784 3142 quaemarrat
805 3074 960 3171 prophe·c
977 3070 1089 3127 tuerint.

128 3166 190 3220 ticis
202 3164 342 3220 aihrmare
354 3165 528 3221 testimoniis.
544 3164 660 3234 Scripsit
673 3179 793 3235 namque
803 3164 925 3237 Evange·
1011 3160 1165 3219 Notandum
1194 3178 1305 3234 quoque
1333 3171 1374 3219 est
1401 3161 1475 3233 quod
1499 3160 1673 3233 primogeniti
1702 3174 1772 3228 non,

128 3257 196 3315 lium
213 3272 299 3313 suum
312 3256 347 3312 ob
365 3272 463 3312 eorum
484 3257 741 3324 maximecausam,
757 3258 806 3329 qui
824 3272 858 3313 ex
876 3256 926 3313 Ju·
972 3254 1050 3326 juxta
1063 3254 1500 3326 haereticorumopiniouem,soli
1514 3260 1659 3323 suntquos
1671 3250 1772 3313 iratres

129 3348 194 3404 dacis
205 3348 367 3414 eredebant,
388 3363 440 3404 nec
451 3356 542 3403 tamen
553 3349 622 3421 legis
632 3348 812 3416 caeremoniis,
831 3362 925 3420 quaru-
974 3356 1138 3419 sequuntur,
1177 3358 1241 3405 sunt
1279 3348 1335 3403 alii.
1359 3345 1428 3413 tSed
1460 3346 1538 3417 juxta
1579 3344 1771 3401 auctoritatem

129 3439 168 3493 xis
182 3440 277 3493 renati
290 3438 320 3492 iu
332 3436 453 3505 Christo,
480 3439 607 3495 valebant
620 3440 709 3508 evelli,
731 3449 760 3495 ct
778 3448 923 3511 propterea
976 3438 1181 3511 scripturaram
1193 3440 1346 3511 omnesqui
1358 3438 1439 3510 primi
1450 3437 1559 3493 vulvam
1571 3437 1698 3507 aperiunt
1711 3435 1772 3493 sive

130 3529 275 3599 satagebat
285 3542 361 3584 cosa
376 3529 480 3586 carnali
502 3530 571 3603 tagis
584 3538 612 3586 et
625 3532 822 3601 prophetarum
838 3545 923 3586 seusu
974 3528 1073 3590 iratres
1091 3546 1139 3588 eos
1157 3532 1240 3604 aliqui
1255 3547 1304 3588 seu
1324 3532 1392 3587 nulli
1417 3537 1577 3601 sequautur,
1592 3524 1771 3597 primogeniti

131 3620 161 3675 ad
182 3619 357 3691 spiritualem
370 3620 418 3691 qui
432 3620 466 3676 do
478 3618 590 3677 Christo
598 3621 712 3693 erigere,
730 3630 866 3691 quatenus
878 3637 924 3677 sa·
973 3633 1114 3681 vocantur.
1140 3624 1267 3680 Attamen
1293 3639 1355 3680 cum
1381 3622 1515 3679 Dominus
1530 3619 1642 3693 speciali
1660 3618 1770 3673 ratione

130 3710 595 3773 eramentaildeiClrristiantetaoto
607 3713 731 3768 securius
742 3713 921 3783 perciperent,
973 3718 1060 3787 possit
1093 3716 1291 3788 primogenitus
1326 3715 1415 3771 dictus
1455 3712 1582 3785 intelligi,
1606 3711 1683 3782 iuxta
1715 3709 1770 3765 hoe

130 3810 234 3872 quanto
256 3803 317 3857 haec
333 3816 389 3857 non
406 3802 556 3860 aliudesse
578 3804 749 3875 perciperent
765 3819 923 3875 quamque
972 3807 1046 3876 quud
1063 3808 1090 3863 iu
1104 3807 1268 3879 Apocalypsi
1282 3806 1349 3862 dicit
1364 3806 1398 3863 de
1412 3822 1445 3862 eo
1468 3805 1587 3861 loannes
1605 3822 1612 3859 :
1630 3821 1640 3854 r
1659 3800 1714 3869 Qui,
1725 3809 1770 3857 cal

129 3894 276 3963 prophetae
287 3892 479 3963 predixerant.
973 3896 1052 3960 testis
1077 3897 1165 3952 ildelis
1191 3897 1387 3966 primogenitus
1402 3909 1586 3959 mortuorum,
1600 3902 1627 3949 et
1642 3892 1771 3963 princeps

182 3981 555 4055 Ecce,rinquit,riirgoio
568 3992 647 4041 utero
659 3985 781 4055 habebit,
793 3997 821 4043 et
835 3989 923 4058 pariet
972 4002 1068 4058 regunt
1090 3996 1169 4043 terrae
1196 3988 1289 4058 (ripae.
1319 3986 1350 4045 rl.
1377 4006 1387 4038 r
1416 3986 1449 4040 Et
1474 3985 1615 4056 apostolus
1642 3982 1769 4039 Paulus:

127 4074 409 4142 hlom,etrocaburrt
423 4076 593 4147 uomenejus
607 4075 778 4146 Emmanuel,
792 4080 866 4150 quoti
880 4086 922 4135 cst
974 4097 986 4133 r
1005 4078 1074 4135 Nam
1092 4094 1162 4149 quos
1185 4079 1314 4151 prescivit
1337 4087 1364 4134 et
1385 4076 1587 4149 pradestinavit
1613 4074 1771 4131 conformes

127 4165 337 4237 inerpretatum
357 4166 495 4221 nobiscnm
515 4167 618 4222 Deae.»
645 4166 750 4225 Nomen
764 4170 919 4234 salvatoris,
971 4171 1031 4229 ileri
1054 4172 1187 4243 imagines
1204 4170 1266 4227 Filii
1286 4171 1340 4238 sui,
1354 4179 1384 4226 ut
1401 4172 1437 4227 sit
1461 4170 1519 4241 ipsc
1530 4168 1728 4241 primogenitus
1740 4166 1769 4221 in

125 4259 204 4329 qood
218 4259 362 4315 nobiseum
373 4258 445 4315 Deus
460 4259 619 4330 apropbeta
633 4268 757 4326 vocatur,
772 4270 919 4329 utramque
973 4263 1066 4319 inultis
1090 4261 1220 4320 iratribus
1243 4262 1330 4333 (Dum.
1343 4261 1414 4332 rur).
1433 4283 1442 4314 r
1456 4260 1659 4332 Primogenitus
1672 4267 1714 4315 est
1738 4258 1768 4313 in

124 4350 481 4421 naturamuniuspcrsonae
493 4350 582 4420 ipsius
594 4351 694 4421 signat.
708 4350 761 4417 Qui
771 4351 844 4405 cuim
858 4359 921 4407 ante
970 4355 1064 4412 multis
1079 4353 1219 4423 iratribus,
1241 4354 1305 4425 qnia
1330 4374 1340 4405 r
1356 4362 1491 4425 quotquot
1511 4359 1673 4423 receperunt
1694 4366 1769 4418 eum,

122 4452 251 4511 tempora
269 4449 351 4497 uatus
362 4455 397 4495 ex
414 4440 495 4496 Patre
515 4439 587 4497 Deus
608 4452 669 4510 est.
683 4443 742 4512 ipse
757 4441 787 4495 iu
802 4441 920 4511 plcrxrru-
933 4454 956 4510 b
970 4446 1045 4503 dedit
1055 4446 1264 4515 elspotestarenr
1277 4446 1347 4501 tilios
1358 4445 1474 4500 Delnerl
1487 4443 1577 4515 (toan.
1588 4443 1635 4514 n.»
1645 4442 1769 4509 Quorum

122 4531 194 4587 dine
201 4542 353 4603 temporum
367 4531 538 4600 Emmanuel,
550 4534 578 4589 id
589 4542 632 4590 cst
643 4534 785 4589 uobiscum
796 4531 879 4602 Deus,
891 4534 920 4590 in
973 4548 1047 4595 recte
1060 4538 1260 4610 primogenitus
1276 4538 1438 4609 appellatur,
1449 4537 1523 4607 quod
1539 4550 1635 4592 ornnes
1647 4534 1771 4605 adoptio-

122 4634 220 4693 utero,
236 4626 334 4680 matris
357 4624 447 4680 iactus
466 4633 509 4680 est
537 4626 603 4695 quia
632 4635 732 4681 nostrae
748 4624 923 4697 fragilitatem
973 4630 1018 4689 nis
1031 4630 1204 4696 illios,etiam
1221 4630 1284 4685 illos
1297 4630 1344 4701 qui
1358 4628 1556 4685 incarnationis
1568 4627 1629 4698 ejus
1647 4636 1767 4698 tempora

120 4724 244 4783 naturae,
252 4718 281 4773 in
293 4718 426 4773 unitatem
437 4732 495 4773 suae
507 4732 632 4787 personae
642 4718 782 4788 suscipere
790 4719 919 4791 dignatus
973 4721 1111 4780 nascendo
1135 4728 1336 4791 praecesserunt
1362 4718 1493 4788 dignitate
1516 4716 1699 4788 progreditur.
1720 4712 1765 4771 Si-

119 4816 185 4875 est,
198 4811 308 4880 quando
321 4809 529 4867 ‹Verbumcaro
542 4809 645 4868 iactum
655 4820 698 4867 est
710 4814 879 4870 ethabitarit
894 4815 922 4869 in
973 4813 1082 4884 quidem
1098 4820 1215 4882 possunt
1228 4810 1265 4865 illi
1278 4826 1340 4867 cum
1355 4809 1460 4867 ioanne
1472 4809 1648 4865 veracissime
1661 4808 1766 4864 testari.

116 4901 350 4973 nobishioonm),
364 4923 373 4956 r
387 4903 623 4960 mirumrideiicet
633 4905 780 4960 inmodunr
790 4906 923 4977 incipiens
974 4903 1026 4970 Qui
1042 4904 1121 4973 prins¹
1143 4917 1194 4959 nos
1207 4901 1282 4957 venit
1300 4910 1363 4957 anm
1381 4917 1432 4956 nos
1445 4900 1534 4957 iactus
1544 4906 1597 4965 est,
1613 4898 1640 4955 id
1653 4906 1695 4955 est
1707 4907 1770 4970 post

114 5008 194 5051 esse
215 4996 287 5066 qood
315 5009 367 5051 nos
387 5010 495 5057 sumus,
507 5003 601 5051 etnou
615 4995 743 5051 desinens
765 5011 827 5053 esse
849 4998 924 5069 quod
973 5010 1025 5051 nos
1037 4994 1148 5065 quidem
1164 4995 1191 5061 ip
1206 4994 1313 5049 mundo
1333 4992 1450 5064 genitus.
1477 4990 1531 5047 Sed
1545 4992 1643 5047 merito
1656 4990 1769 5047 rirtutis

115 5084 259 5139 eratasic
272 5100 419 5141 assumens
432 5094 560 5141 naturam
580 5066 714 5153 nostram,
734 5094 765 5141 ut
780 5088 924 5157 quoderat
972 5086 1171 5159 primogenitus
1183 5086 1306 5147 omnium
1322 5084 1384 5155 jure
1402 5091 1444 5141 cst
1458 5092 1589 5151 vocatus,
1603 5096 1764 5153 quanquam

112 5175 193 5245 ipse
202 5191 254 5231 non
270 5175 404 5248 perderet.
973 5186 1002 5235 et
1013 5178 1040 5231 in
1054 5178 1114 5247 ipsa
1124 5176 1216 5233 divina
1229 5176 1370 5243 nativitate
1381 5190 1435 5231 nou
1447 5174 1670 5232 inconvenienter
1680 5172 1769 5243 possit

162 5264 436 5339 ‹Eusorgeusautem
451 5267 688 5340 iosephasomno
701 5269 920 5343 iecitsieotprae·
974 5269 1172 5340 primogenitus
1194 5268 1258 5335 dici,
1281 5268 1344 5340 quia
1370 5268 1530 5340 priusquam
1556 5274 1709 5322 creaturam
1724 5261 1766 5319 ia·

110 5361 270 5430 ceperatei
281 5360 919 5435 angelusDomini,ctaccepitconjugemsuam,
972 5358 1070 5415 ciendo
1080 5358 1200 5429 gigneret
1220 5358 1348 5430 aliquem,
1365 5366 1530 5417 coaeternum
1548 5356 1601 5413 sihi
1622 5353 1702 5411 Pater
1718 5368 1766 5423 ge-

106 5456 143 5502 et
154 5452 409 5521 noncognosoehat
418 5452 695 5523 eam.rhcccpiteam
704 5454 737 5509 ad
748 5468 922 5511 nomencon·
972 5451 1032 5506 nuit
1055 5450 1165 5505 illium.
1189 5449 1270 5505 Prius
1294 5450 1368 5505 enim
1396 5463 1479 5519 quam
1503 5444 1615 5501 verbum
1641 5441 1765 5499 veritatis

103 5540 348 5610 iugisobcausas
357 5557 427 5614 quas
437 5543 625 5613 praediximus,
638 5554 666 5602 ει
677 5560 731 5601 non
742 5548 922 5618 cognoscebat
971 5542 1126 5613 adoptionis
1140 5542 1211 5597 lilios
1236 5541 1289 5597 sibi
1310 5539 1469 5597 redimendo
1494 5537 1617 5607 gigneret
1646 5534 1767 5609 aliquot,

102 5644 186 5686 eam
201 5625 231 5687 at
240 5648 311 5706 opus
320 5634 463 5706 coniugale
474 5635 616 5693 obarcana
624 5653 686 5708 qnae
694 5636 918 5704 didicerat.Drrod
971 5644 1140 5692 coeternum
1158 5634 1210 5689 sihi
1232 5632 1312 5689 Pater
1327 5632 1420 5703 genuit
1434 5628 1563 5685 Verbum.
1576 5625 1654 5681 Dndc
1667 5624 1758 5694 ipsum

103 5722 132 5803 ’,ἰ
142 5718 292 5817 ‘iouishuic
301 5727 570 5799 orrsbaeexpositioni
578 5729 712 5787 obsistere
719 5738 746 5786 et
753 5730 917 5787 ammedera
972 5727 1090 5784 Verbum
1106 5726 1163 5797 ipse
1183 5724 1268 5781 lilius
1288 5722 1346 5793 Del,
1358 5720 1418 5792 ejus
1433 5716 1558 5775 cluniset
1570 5718 1662 5775 virtus·
1677 5723 1764 5790 etpa-
