4017 6342
229 421 287 482 saa
549 404 552 414 ’
746 416 905 477 corrasor
925 412 1070 471 ,tastris
1094 410 1353 469 sinuosissssts
1809 407 1871 469 ets

232 538 307 595 detta
324 537 403 597 Scire
416 550 506 599 autem
522 550 548 597 et
562 540 675 597 tirmiter
686 542 797 597 credere
807 529 1023 601 d'ebentuttuotl
1036 533 1061 591 Α
1072 528 1199 586 omnibus
1213 537 1321 601 purget,
1332 526 1479 583 virtutibus
1493 524 1621 590 illustret,
1640 533 1776 596 quatenus
1791 525 1871 584 bane

231 626 334 687 christi
355 630 496 697 nativitas,
521 642 551 687 et
578 644 652 688 mm
673 629 743 701 ojus,
770 630 824 688 tut.
852 629 1022 689 solummodo
1074 634 1131 675 sna
1145 618 1325 675 sanctissimae
1338 617 1493 674 Nativitatis
1510 616 1681 672 testivitatem
1696 616 1778 687 digne
1792 614 1871 673 ceto-

231 718 350 791 prodcit,
361 720 408 791 qui
422 721 566 778 dilectione
577 731 728 793 sequuntur
740 738 813 789 evam,
822 724 892 781 sicut
906 737 1022 795 sequen·
1071 711 1192 778 litemus,
1200 720 1228 767 0¹
1238 726 1311 776 etim·
1323 710 1368 781 qni
1380 725 1429 781 pro
1437 708 1597 765 1011118511
1609 719 1638 763 θῑ
1648 708 1717 763 ’1011
1730 708 1867 780 (stillim

232 810 296 867 dum
305 825 336 867 se
348 811 450 867 docuit.
463 812 517 869 Hos
532 824 623 871 autem
639 832 693 872 ῃοῃ
708 832 758 873 sup
772 817 891 874 'nemim
903 826 1020 885 tamum,
1039 796 1124 870 ⁸35¹,
1144 802 1320 858 0111101θ1118
1352 798 1619 864 18811110111,11ι1θ10
1637 805 1665 853 ei
1678 798 1780 854 11111)οΝ
1804 812 1869 853 ttio-

231 902 279 962 sed
291 916 338 957 sua
353 904 457 961 viscera
474 904 551 971 lacit,
567 906 659 963 llrmat
676 920 725 965 eos
740 908 766 965 in
783 910 870 971 bono,
882 922 910 965 et
922 926 938 965 a
950 908 1022 967 malo
1072 907 1190 961 minii,
1215 894 1261 964 qui
1287 908 1349 948 ⁰¹¹⁰]
1376 890 1456 947 9³¹st
1480 901 1509 946 θῑ
1539 889 1642 961 Sillim
1669 898 1767 945 ‘incili
1794 891 1869 945 11111

230 994 360 1052 custodit.
379 995 456 1054 Unde
473 1013 522 1071 per
534 999 693 1071 proplietam
719 1000 1021 1073 dicituradutyrsmet
1071 995 1099 1041 ⁰²
1128 984 1340 1058 111111ῑῦ113,
1374 1000 1423 1056 per
1448 985 1539 1039 ⁰m¹¹⁵⁸
1563 981 1662 1039 “⁰⁰¹²
1690 982 1865 1039 mmmm·

229 1086 281 1143 aret
303 1088 429 1155 romaici,
458 1100 487 1145 at
512 1092 579 1147 sciat
603 1093 741 1163 reprobare
762 1093 861 1149 molum
878 1104 902 1150 et
924 1093 1019 1164 elicere
1071 1076 1167 1133 1111θῦ·

230 1179 325 1237 donant
341 1180 478 1251 (lsai.vtt,
494 1184 550 1256 ts).
576 1184 708 1257 Butyrum
734 1201 817 1242 tutave
836 1196 889 1253 est,
915 1196 942 1242 ει
967 1184 1020 1241 mel
1379 1164 1496 1223 51311110
1510 1164 1544 1220 W

228 1270 319 1339 dulce,
333 1274 437 1331 etnibii
454 1275 568 1345 dulcius,
579 1278 623 1333 vel
642 1278 753 1335 suavius
766 1287 808 1334 εει
832 1278 976 1344 charitate,
991 1279 1020 1333 in
1280 1290 1307 1331 ιιι
1324 1288 1488 1330 ssrtvtrtrs
1504 1287 1597 1328 bostat
1616 1287 1654 1327 tv.

228 1376 283 1433 atra
301 1366 414 1421 totalcx
429 1368 568 1438 pendetet
589 1370 728 1440 propbeta
747 1368 857 1443 illattl.
877 1370 1019 1441 astrati),
1108 1366 1205 1422 llirum
1219 1365 1556 1437 estquodhodiclactnm
1571 1372 1625 1428 est,
1644 1363 1868 1421 scdddeetde·
1944 1416 1947 1419 .

229 1451 358 1512 Citristus
372 1455 521 1525 lvujasmotli
536 1459 659 1530 butyrum
669 1471 693 1517 ct
704 1462 755 1518 mel
767 1462 904 1519 consedet:
919 1478 1019 1519 suaves
1069 1460 1180 1517 votione
1199 1457 1363 1515 mirandum·
1380 1456 1465 1513 llotlie
1479 1473 1528 1526 pro
1542 1456 1630 1512 salute
1654 1465 1746 1512 nostra
1773 1466 1862 1513 natus

230 1553 258 1599 ot
278 1544 382 1615 altrices,
408 1563 485 1603 suam
502 1550 628 1607 videlicet
652 1553 812 1608 citaritatom
836 1554 977 1620 habentes,
992 1556 1018 1611 in
1069 1563 1112 1609 cst
1127 1552 1199 1609 [ιειιε
1213 1552 1248 1608 de
1261 1550 1372 1615 lentina,
1386 1550 1420 1604 de
1435 1548 1489 1604 lilia
1512 1548 1593 1621 345
1618 1558 1704 1619 patet.
1730 1548 1866 1609 motinus

230 1650 331 1708 eorpus
342 1654 420 1694 suurn
433 1639 560 1710 trajiciet,
576 1644 603 1699 itl
615 1652 722 1709 est,sua
737 1646 905 1711 membra,nt
917 1646 1018 1703 dictum
1070 1642 1105 1697 alc
1114 1641 1223 1706 aracills,
1233 1642 1268 1697 de
1282 1649 1408 1697 ereatura
1421 1638 1547 1703 Creator,
1561 1640 1601 1695 tol
1623 1640 1656 1695 de
1671 1638 1758 1696 stella.
1774 1639 1867 1696 llodic

229 1736 283 1797 ert,
297 1741 325 1785 ει
339 1730 444 1787 viscera
467 1731 560 1789 laciet.
575 1734 608 1789 Et
622 1736 719 1793 merito
734 1736 780 1807 qui
794 1736 956 1793 charitatem
971 1737 1021 1793 lra-
1070 1740 1205 1787 natusest
1223 1731 1252 1787 in
1267 1730 1366 1787 saeculo
1381 1739 1444 1786 ante
1459 1729 1556 1785 sacrata
1582 1741 1672 1797 nattis,
1687 1732 1732 1802 qni
1761 1732 1867 1787 menia

230 1821 308 1887 bant,
323 1824 442 1881 nemora
453 1831 482 1879 ct
494 1825 598 1883 viscera
612 1826 714 1883 curisti
733 1828 871 1895 dicantur,
890 1829 1018 1899 quioniam
1070 1822 1145 1887 tecta,
1161 1831 1188 1879 et
1201 1822 1292 1879 omnia
1303 1820 1452 1877 crastines
1464 1820 1558 1885 nihilo.
1571 1821 1706 1893 Christus,
1717 1837 1766 1893 εον
1778 1838 1866 1894 auem

227 1911 354 1971 cbristus
367 1914 514 1971 meditatur
530 1914 557 1971 ia
574 1914 655 1988 343
682 1916 758 1987 ipsis,
770 1927 797 1975 ει
809 1932 857 1988 per
870 1918 943 1991 ipsos
955 1933 1020 1989 ope·
1036 1881 1056 1940 ¹3
1071 1915 1142 1971 beas
1156 1913 1238 1970 Pater
1251 1922 1350 1968 retracta
1364 1914 1482 1977 creavit,
1499 1913 1572 1983 qarotl
1588 1915 1670 1970 lrottro
1684 1922 1799 1970 estesse
1814 1931 1864 1972 ro·

229 2012 316 2062 ratur.
332 2002 367 2061 Ut
379 2005 459 2072 sciat,
479 2006 569 2072 idest,
584 2006 848 2066 utscirebocmodo
862 2024 911 2067 cos
925 2009 1019 2079 iaciat,
1069 2005 1131 2072 init,
1148 2016 1178 2061 m
1193 2006 1265 2079 nitori
1281 2004 1407 2062 Cbristns
1427 2014 1469 2059 εει
1488 2005 1545 2059 ltcri
1566 2012 1659 2075 posset
1680 2005 1771 2061 bonno.
1783 2004 1867 2063 Tunc

228 2095 369 2166 reprobare
383 2096 494 2163 molum,
509 2098 607 2154 amalo
620 2098 724 2156 scilicet
738 2097 914 2168 declinarem
926 2100 1020 2172 eliam
1072 2096 1154 2154 bomo
1170 2096 1258 2151 lactus
1280 2092 1407 2165 estquod
1424 2092 1551 2149 Christus
1577 2103 1630 2155 est,
1651 2109 1714 2149 eum
1734 2093 1866 2151 cbristvrs
1897 2105 1900 2109 ·

227 2174 684 2263 borram‚irrclectioneboniusque
699 2192 819 2249 indnem
831 2208 1018 2265 perseverare,
1069 2187 1159 2245 iactas
1181 2198 1224 2243 est
1246 2186 1338 2242 bomo.
1365 2184 1423 2240 linc
1451 2193 1543 2240 autem
1573 2187 1720 2241 secundnm
1735 2194 1866 2241 nautum

225 2280 367 2353 sicutipse
386 2282 412 2337 iu
426 2281 572 2353 Evangelio
589 2284 677 2340 dicit:
694 2284 747 2351 Qui
759 2286 960 2357 perseveraveris
975 2304 1020 2341 ps.
1069 2286 1218 2349 assumptae
1231 2275 1409 2333 immanitatis
1422 2275 1494 2340 dico,
1516 2291 1570 2330 non
1588 2277 1735 2331 secundnm
1751 2276 1866 2331 deitatis

225 2372 317 2441 stelit
338 2370 429 2440 finivit.
449 2372 491 2427 itit
518 2374 608 2429 salust
631 2376 681 2429 trit
700 2374 808 2447 (llattlr.
832 2393 860 2441 x,
880 2376 936 2447 22).
960 2376 1019 2433 'lali
1068 2369 1261 2427 substantiam.
1274 2367 1366 2424 lnboc
1380 2370 1477 2439 utique
1492 2379 1534 2422 est
1549 2368 1632 2423 bomo
1644 2369 1716 2437 quoti
1734 2368 1866 2425 Christos

227 2460 329 2532 butyro
342 2470 370 2517 et
382 2460 462 2518 atelle
473 2477 550 2519 suam
570 2463 756 2523 beatissimam
774 2477 887 2525 matrem
902 2470 1020 2526 maxime
1068 2471 1123 2525 est.
1139 2462 1213 2533 quoti
1225 2462 1351 2517 Christus
1366 2460 1514 2529 ”subtriti
1524 2459 1558 2513 ὅθ
1570 2459 1691 2515 bomine.
1714 2458 1771 2515 N⁰¹¹
1787 2460 1814 2515 5¹¹
1825 2475 1866 2516 α)

229 2548 355 2608 ctntrtm
367 2551 477 2609 cibavit.
494 2552 551 2611 llac
565 2568 613 2609 sua
628 2565 656 2611 et
671 2554 787 2626 proximi
802 2556 947 2615 dilectione
961 2558 1020 2630 citra
1069 2564 1113 2610 est
1133 2553 1214 2609 bomo
1226 2552 1299 2624 qaod
1313 2550 1439 2607 Claristus
1452 2562 1506 2616 est,
1531 2549 1604 2621 qood
1627 2549 1755 2607 Cbristus
1772 2550 1868 2607 laetor

228 2643 347 2699 necavit
366 2644 485 2714 viscera,
501 2646 535 2703 de
553 2648 654 2718 quibus
678 2648 730 2705 sibi
756 2650 873 2707 bumana
898 2652 1019 2707 membra
1068 2654 1123 2709 εει,
1138 2646 1186 2703 sed
1198 2645 1226 2701 in
1237 2659 1269 2701 eo
1284 2642 1356 2714 quod
1367 2643 1494 2700 cbristus
1519 2642 1624 2698 lactura
1636 2650 1689 2698 cst.
1707 2642 1747 2697 Er
1772 2643 1866 2707 tribuas

228 2731 344 2803 aptavit.
359 2730 587 2806 Nunqnantenim
603 2737 630 2793 in
653 2752 685 2793 ea
713 2754 824 2796 carnem
848 2742 1018 2812 sumpsisset,
1069 2736 1143 2791 enirn
1156 2732 1317 2791 substantiis
1327 2732 1454 2791 cbristus
1464 2732 1492 2787 in
1519 2747 1574 2788 uua
1589 2746 1705 2805 persona
1726 2732 1864 2801 svttsistit,

229 2822 283 2878 nisi
298 2822 374 2893 prius
393 2822 429 2879 ab
442 2839 474 2881 eo
497 2826 633 2883 charitate
653 2828 741 2885 cibata
757 2826 863 2887 luisset.
889 2828 944 2887 Sed
967 2830 1019 2886 ista
1070 2828 1215 2884 divinitate
1230 2825 1347 2894 scilicet,
1360 2838 1452 2892 mette,
1476 2834 1505 2880 et
1523 2825 1626 2879 antima.
1643 2823 1716 2881 Sicut
1731 2824 1812 2879 Pater
1831 2834 1865 2881 et

228 2914 371 2987 charitatis
386 2918 474 2989 gratia
489 2917 574 2975 ilaris
596 2919 714 2992 repleta,
729 2922 784 2979 lico
802 2923 889 2993 prima
910 2922 1021 2981 devovit
1070 2918 1166 2985 iiiios,
1181 2926 1210 2975 ει
1237 2916 1355 2989 Spiritus
1371 2924 1483 2973 sauctus
1512 2923 1576 2972 sunt
1600 2925 1657 2973 tres
1670 2930 1809 2988 personae,
1831 2927 1867 2971 et

228 3005 425 3079 virginitatem,
438 3008 509 3066 unde
527 3009 610 3065 illium
637 3010 737 3069 babere
751 3014 863 3079 memit,
886 3030 963 3071 sumn
991 3023 1021 3071 et
1071 3013 1153 3069 trima
1168 3026 1344 3083 personarum
1364 3022 1407 3070 εει
1419 3030 1473 3070 una
1487 3013 1653 3079 substantia,
1665 3014 1707 3070 sic
1730 3010 1864 3076 Verbum.
1915 3072 1918 3076 ,

228 3099 351 3155 omnium
365 3098 485 3155 Patrem.
505 3100 568 3159 llaec
589 3111 630 3159 est
655 3102 701 3159 illa
715 3098 802 3161 'certe
815 3107 886 3163 bona
909 3105 1019 3176 mulier,
1070 3120 1136 3161 caro
1147 3114 1176 3162 et
1188 3106 1278 3161 attinta
1289 3113 1414 3163 sunttres
1426 3106 1629 3171 substantiam
1638 3105 1721 3161 trium
1732 3105 1867 3164 substau-

229 3190 285 3245 itno
297 3190 453 3247 beatissima
469 3192 516 3248 bei
539 3202 638 3260 mater,
653 3194 730 3265 cultas
744 3196 908 3253 mentionem
926 3197 1053 3286 bonai-C
1072 3195 1170 3252 tiaram
1184 3204 1227 3251 εει
1242 3211 1293 3251 una
1306 3210 1433 3267 persona,
1445 3195 1553 3251 beuset
1566 3196 1655 3252 troam
1672 3193 1739 3251 Nata
1752 3203 1795 3251 εει
1808 3196 1867 3251 ita-

231 3296 282 3337 nns
295 3281 421 3347 iaciebat,
434 3284 545 3350 queastio
569 3284 595 3339 in
608 3286 735 3356 paradiso
745 3286 854 3343 diabalo
867 3280 1018 3345 eommi'na·
1070 3300 1123 3355 qae
1136 3284 1217 3343 bodie
1229 3286 1257 3341 in
1272 3301 1324 3341 urta
1336 3300 1469 3357 persona,
1479 3295 1508 3342 et
1518 3285 1629 3342 bomine
1641 3299 1706 3340 vera
1718 3285 1865 3350 divinitas,

228 3372 372 3445 icaunam
387 3376 413 3431 in
427 3377 517 3447 speeie
527 3379 663 3449 serpentis
676 3379 786 3437 latebat.
799 3379 1017 3455 Portunainquit,
1069 3388 1097 3435 et
1110 3379 1138 3434 ln
1159 3377 1215 3434 lieo
1230 3393 1293 3434 vera
1314 3379 1404 3433 anima
1428 3388 1457 3433 ct
1470 3394 1534 3433 vcra
1549 3394 1626 3435 caro.
1642 3378 1699 3435 llac
1719 3377 1866 3435 nativitate

227 3462 382 3520 iuimicitias
393 3465 463 3523 inter
476 3476 501 3545 tc
511 3476 536 3524 et
548 3468 702 3534 mulierem,
715 3480 740 3525 ct
752 3470 824 3525 inter
841 3488 930 3527 emata
943 3484 1019 3527 taum
1069 3474 1203 3542 diabolus,
1217 3488 1301 3545 qnam
1321 3474 1462 3530 mendacio
1473 3483 1596 3544 ceperat,
1625 3474 1715 3543 praetia
1738 3472 1866 3542 privatos

227 3564 352 3612 ettcvncu
365 3557 460 3615 illius:
479 3560 537 3628 ipro
549 3561 720 3617 conterettibi
734 3572 811 3633 rapat
823 3560 1018 3638 (Gemanlbl.
1069 3574 1112 3621 εει
1133 3566 1255 3621 veritatis
1278 3564 1479 3636 compassione,
1503 3563 1592 3620 erexit
1613 3563 1864 3625 ilrcatorcreatnur

229 3643 302 3704 Vere
315 3648 395 3705 beata
409 3648 493 3707 biania
505 3650 607 3707 diaboii
619 3659 702 3723 caput
714 3653 856 3719 contrivit,
871 3670 931 3727 quae
947 3655 974 3711 in
989 3671 1020 3713 sc
1069 3654 1117 3724 qrti
1133 3655 1225 3726 lapsas
1244 3652 1344 3717 luerat,
1372 3663 1400 3709 et
1424 3653 1543 3725 perdidit
1567 3653 1691 3724 perditor
1712 3653 1864 3724 perditum.

229 3737 408 3809 principalem
436 3740 496 3811 ejus
522 3741 722 3815 suggestionem
745 3744 854 3815 pertitus
876 3746 1017 3801 exstinxit.
1070 3744 1157 3803 llodic
1168 3755 1230 3803 nata
1244 3754 1287 3802 εει
1309 3748 1380 3802 iuter
1395 3744 1482 3801 benm
1497 3754 1526 3801 ει
1538 3744 1675 3800 bominem
1696 3741 1780 3813 ntatjor
1792 3758 1865 3799 con·

228 3828 373 3904 Susstrestio
398 3833 496 3891 diaboii
535 3836 691 3908 principalis
723 3846 766 3893 εει
800 3840 1019 3911 concupiscentia
1069 3837 1165 3893 cordia
1185 3851 1266 3906 attam
1282 3835 1564 3901 lateratantecasnm,
1579 3844 1607 3891 ει
1629 3835 1699 3891 inter
1722 3834 1865 3891 bominem

231 3919 330 3977 incutis
353 3930 381 3979 et
405 3924 538 3995 corporis.
552 3924 606 3982 Per
630 3928 877 3999 concraptscenttatn
907 3930 1020 3998 varentis,
1069 3937 1098 3984 ει
1108 3928 1243 3985 diabolum
1266 3927 1400 3983 discordia
1426 3927 1555 3998 prasion
1578 3926 1623 3998 qui
1641 3940 1673 3983 εε
1692 3940 1746 3983 raon
1771 3926 1865 3982 solorra

231 4013 382 4083 utramlibet
395 4030 551 4085 perversam
571 4018 765 4090 cogitationem
791 4019 977 4093 intelligimus,
992 4028 1021 4077 ει
1069 4022 1172 4079 victum
1184 4021 1330 4086 erubescit,
1343 4020 1391 4076 sed
1401 4034 1482 4089 quem
1491 4020 1594 4075 vicerat
1608 4018 1759 4085 bominem,
1775 4018 1865 4073 etiam

228 4120 279 4177 per
288 4108 534 4182 concupiscentiam
546 4110 647 4179 carrtis,
659 4127 767 4169 ornarem
790 4128 901 4185 pravam
924 4128 1021 4186 opera-
1070 4114 1175 4187 angelis
1199 4128 1260 4171 esse
1284 4111 1425 4183 praelatam
1452 4111 1638 4167 indubitanter
1664 4112 1786 4183 agnoscit
1815 4111 1866 4169 iile

231 4199 421 4258 tionemllona
435 4218 501 4259 vero
511 4204 617 4260 linmini
631 4215 718 4261 mater
733 4205 809 4277 virgo
821 4204 905 4261 blasria
922 4207 1019 4262 borum
1069 4202 1455 4279 pessimusacnmlator.llodie
1470 4204 1565 4259 lvortus
1579 4203 1723 4261 conclusus
1735 4202 1864 4277 346ει

230 4304 358 4350 neutrum
372 4293 477 4365 babuit,
492 4311 564 4367 qua,
576 4296 679 4367 Spiritu
692 4307 787 4353 sancto
803 4295 917 4367 repleta,
929 4308 1020 4353 mente
1070 4297 1117 4352 illa
1131 4305 1209 4369 porta
1224 4295 1365 4365 processit,
1382 4304 1410 4350 et
1430 4294 1458 4349 in
1483 4294 1555 4350 illam
1571 4303 1599 4349 et
1628 4310 1676 4363 per
1702 4294 1774 4351 illam
1799 4294 1864 4350 lons

228 4390 258 4436 et
270 4397 384 4454 corpore
396 4385 499 4455 pariter
514 4392 608 4440 sancta
622 4384 683 4440 init.
698 4384 798 4441 Semcu
818 4385 903 4441 beatae
915 4384 1018 4452 bituriae,
1069 4389 1191 4445 manavit
1202 4389 1335 4458 signatus,
1351 4389 1385 4443 de
1399 4402 1452 4457 qua
1465 4386 1596 4455 propbeta
1607 4384 1672 4439 dicit
1687 4399 1695 4439 ι
1711 4384 1757 4439 Est
1771 4396 1862 4454 porta,

228 4472 364 4540 cbristus,
380 4483 408 4531 et
418 4490 485 4547 quas
498 4475 523 4531 in
539 4474 650 4531 Cbristo
663 4474 767 4545 peperit
780 4477 894 4533 virtutes
909 4477 1018 4533 animae.
1069 4497 1129 4551 quic
1147 4496 1199 4533 aon
1221 4479 1355 4548 operietur
1368 4478 1395 4531 iu
1410 4478 1487 4529 domo
1501 4474 1623 4541 Domini,
1642 4472 1734 4529 classo
1749 4474 1863 4546 (Eaeclr.

229 4562 329 4622 Semen
345 4564 454 4629 diaboli,
470 4563 553 4637 344
570 4565 705 4619 vitiasunt
715 4566 852 4621 uniuersa.
872 4566 938 4634 Quam
954 4583 1020 4624 vero
1037 4574 1143 4638 listis,
1156 4572 1194 4640 i).
1207 4568 1270 4625 liae
1286 4580 1365 4640 porta
1381 4566 1485 4638 templi,
1501 4574 1529 4621 et
1544 4566 1672 4635 templum
1690 4566 1797 4623 bontivd
1818 4577 1864 4622 εει

229 4656 371 4714 inimicitia
385 4656 583 4712 intersistentes
596 4665 624 4711 et
638 4656 702 4711 vitia
714 4656 808 4726 posita
819 4658 884 4722 sint,
900 4658 965 4713 satis
976 4669 1019 4715 εει
1071 4665 1155 4722 ttarta
1170 4664 1327 4721 beatissima
1350 4670 1378 4717 ει
1405 4658 1626 4729 incomparabilis
1635 4659 1723 4730 virgo,
1739 4659 1772 4713 de
1784 4658 1863 4729 cttjus

230 4749 416 4813 ratanilestmn,
430 4749 494 4820 quia
515 4748 618 4804 nullum
640 4762 733 4804 coram
750 4748 897 4821 narithnam
916 4750 1019 4810 deside
1070 4767 1149 4813 utero
1166 4756 1200 4811 ad
1214 4771 1263 4811 nos
1284 4756 1359 4811 venit
1376 4756 1423 4810 liei
1448 4755 1538 4811 Patris
1555 4755 1653 4827 imago.
1669 4754 1704 4809 Et
1724 4756 1863 4824 qttontotlo

231 4852 284 4908 rat,
295 4842 368 4912 qttod
383 4841 460 4897 alteri
474 4856 527 4897 non
541 4841 577 4895 sit
590 4840 768 4895 contrarium.
786 4838 884 4897 Vestam
897 4851 949 4908 est,
965 4842 1019 4898 iva·
1071 4846 1186 4911 venerit,
1200 4853 1228 4900 ει
1240 4859 1326 4915 natare
1343 4844 1458 4910 venerit,
1474 4844 1639 4910 ostenditur,
1662 4860 1723 4899 ruta
1746 4843 1781 4898 ad
1807 4843 1863 4897 lla-

230 4942 299 4997 trcs,
312 4933 380 4989 nibil
395 4943 438 4990 est
452 4934 555 4999 veriam,
568 4932 639 5005 qttod
655 4932 738 4987 blaria
755 4933 837 4991 scinci
862 4934 894 4990 de
906 4935 1019 5005 'virgine
1070 4937 1139 4993 riam
1161 4946 1189 4992 ει
1210 4936 1244 4992 ad
1258 4935 1357 5007 loscpit
1380 4936 1414 4991 ab
1430 4935 1526 5002 angeio
1541 4936 1581 4993 eis
1602 4934 1739 4991 revelante
1764 4934 1862 4990 diuinas

230 5038 314 5081 earne
338 5025 443 5096 peperit
460 5025 613 5092 Christum,
631 5016 659 5081 et
673 5025 744 5095 qarod
768 5024 892 5081 Christus
915 5025 941 5081 in
971 5026 1019 5081 ba·
1070 5027 1281 5098 dispensationis
1295 5027 1438 5083 consilium
1450 5026 1722 5094 dicitur3adblaviam
1734 5028 1860 5097 qttidcm:

229 5116 359 5188 ptisanate
386 5115 563 5186 spiritualiter
589 5115 661 5187 parit
688 5114 1017 5187 qttotitiieCittistiannm.
1071 5119 1188 5188 Spiritus
1210 5128 1317 5174 sanetur
1342 5118 1371 5173 itt
1396 5130 1421 5174 ιε
1447 5118 1540 5183 octrici,
1564 5116 1662 5183 llario,
1682 5125 1707 5172 et
1731 5117 1860 5187 acaccipiet

231 5208 309 5265 Unde
323 5220 384 5265 uos.
395 5209 441 5277 qui
459 5207 605 5264 Christiani
628 5208 765 5265 aCltristo
785 5222 913 5266 vocamur
930 5218 957 5265 ει
972 5226 1019 5265 stt·
1071 5207 1170 5263 Filium
1187 5208 1235 5263 liei
1248 5206 1324 5279 (buc.
1337 5208 1421 5279 r,3t);
1438 5208 1471 5263 ad
1487 5208 1585 5277 loseph
1600 5222 1678 5263 vern:
1689 5204 1754 5262 Noli
1769 5208 1860 5260 timere

227 5314 304 5364 attus,
329 5296 464 5355 Claristttm
486 5314 577 5355 serunt
600 5298 684 5355 beum
710 5309 738 5355 ει
763 5314 856 5355 terum
881 5299 1018 5355 bominem
1070 5298 1189 5369 occipere
1204 5297 1317 5354 Nemone
1331 5298 1468 5370 conjnpcnr
1483 5311 1572 5364 tuam
1594 5298 1664 5369 quod
1682 5300 1709 5351 iu
1724 5308 1858 5351 renatum

231 5391 362 5449 hodierna
382 5392 427 5449 tlie
443 5392 478 5449 de
497 5402 585 5449 matre
601 5391 711 5463 Virgine
735 5400 827 5447 natant
854 5399 911 5447 toto
937 5392 1020 5449 cnrrle
1070 5402 1119 5454 ert,
1132 5393 1166 5445 dc
1180 5390 1282 5457 Spiritu
1295 5401 1386 5445 sancto
1406 5402 1455 5445 cst.
1476 5388 1569 5445 l'ariet
1591 5390 1693 5460 tillem,
1716 5400 1741 5444 ct
1757 5390 1857 5443 noeriis

230 5481 375 5541 credamus
388 5492 416 5539 et
426 5482 617 5547 conliteamur,
629 5492 656 5538 et
679 5483 822 5553 condignis
838 5493 937 5539 nostrae
956 5482 1019 5538 latici
1072 5499 1164 5538 nomen
1177 5481 1347 5553 ejaslcsunr,
1361 5482 1407 5550 qui
1419 5481 1520 5536 calonna
1543 5479 1621 5550 saciet
1641 5480 1766 5549 populum
1780 5495 1857 5533 aaran

231 5573 366 5642 laudibus,
374 5576 460 5647 ipsurn
475 5585 504 5631 et
517 5575 702 5633 beatissimam
714 5573 772 5643 cius
786 5584 898 5632 matrem
907 5574 1018 5630 llariavn
1071 5592 1087 5625 a
1114 5574 1226 5642 pcccatis
1249 5588 1339 5627 corant
1363 5571 1471 5644 (Mettis.
1488 5587 1507 5635 v,
1529 5570 1575 5637 20,
1601 5570 1657 5643 at).
1673 5568 1757 5626 Ortus
1772 5569 1856 5626 trostri

229 5666 365 5741 ,virginem
389 5668 529 5727 brantilitcr
545 5678 628 5739 atque
650 5667 806 5738 suppliciter
832 5668 1018 5739 imploremus,
1072 5664 1232 5732 Srvlvatoris,
1253 5665 1316 5721 licet
1335 5664 1438 5737 angelis
1450 5664 1553 5720 sanctis
1574 5671 1601 5718 ει
1614 5678 1662 5735 per
1679 5676 1727 5718 eos
1741 5662 1856 5720 bemati-

230 5770 263 5817 ιιι
275 5774 326 5819 sua
337 5758 495 5817 dulcissima
510 5760 622 5830 pietate,
634 5766 663 5813 ει
676 5772 731 5815 suae
746 5756 909 5815 dulcissimas
924 5757 1020 5813 aratris
1072 5757 1122 5812 ints
1144 5757 1220 5813 bonae
1233 5756 1380 5812 volvantatis
1392 5754 1550 5811 manifestus
1568 5750 1719 5821 exstiterit,
1733 5758 1855 5810 occuitus

230 5850 438 5917 intercessione,
455 5851 560 5909 attimar
574 5859 603 5905 et
624 5864 736 5919 corpora
760 5858 850 5906 nostra
871 5852 1019 5921 apcecatis
1073 5858 1161 5903 tamen
1184 5846 1235 5903 luit
1246 5846 1353 5904 diabolo
1370 5856 1396 5906 ει
1411 5847 1490 5907 idolis
1512 5846 1579 5918 ejus.
1591 5845 1662 5905 idola
1677 5844 1777 5904 diaboli
1794 5855 1855 5904 sant
