4017 6342
128 369 175 426 gge
559 344 844 405 bettobartob'tts
864 344 915 404 SS.
933 342 1089 401 errabit.
1109 372 1144 385 —-
1163 340 1227 399 titt.
1248 340 1268 396 l.
1673 340 1727 396 tte

128 475 256 550 pantocrat
272 463 333 517 rita.
351 459 402 516 Per
414 461 499 532 legem
515 462 588 518 enim
612 462 711 518 dirime
729 458 889 516 aeternitatis
903 465 926 521 Α
939 456 1099 513 doctoribus
1117 454 1230 527 mystice
1246 452 1374 507 fidelibus
1392 459 1576 520 exponuntur.
1591 448 1644 505 Per
1655 450 1727 509 duos

125 566 240 641 cognitio,
251 556 341 616 mundi
364 556 476 616 creatio,
500 572 598 611 cursus
612 555 726 610 labentis
738 554 840 619 saeculi,
861 561 888 607 et
937 564 1046 619 qunque
1055 549 1143 618 pisces
1153 547 1213 603 duae
1224 561 1356 615 personae,
1364 544 1726 615 regisnidclicctctsaeerrlo⁴

126 656 240 719 rerabeo
253 648 381 707 serviendi
398 648 493 718 religio
515 648 635 702 laumano
652 647 743 719 generi
759 645 886 701 innotuit.
937 642 972 696 tis
983 642 1168 713 designantur,
1183 654 1244 709 qum
1258 638 1322 693 solae
1334 638 1361 691 in
1376 636 1465 691 l'cteri
1478 636 1652 694 Testamenta
1663 638 1725 693 oleo

124 751 149 807 lu
160 744 255 802 duobus
270 735 389 809 piscibus
410 736 598 807 intelliguntur
616 736 713 805 psalmi
728 744 756 789 et
768 736 887 805 propbe-
938 743 1033 789 sancto
1053 736 1232 806 religabantur.
1249 734 1376 788 Clrristus
1392 743 1482 787 autent
1500 734 1592 789 lidclcs
1617 734 1644 788 in
1666 734 1724 789 salo

123 841 335 904 tietcmpcrautes
348 836 486 883 austerum
500 807 624 897 saporem
639 826 886 897 lcgis,quiaerudi-
937 824 1030 879 srecttli
1055 834 1085 879 ut
1106 824 1195 895 pisces
1216 825 1331 880 latentes
1352 840 1400 895 per
1419 825 1569 895 piscatores
1585 826 1725 895 apostolos

121 945 170 987 tum
184 931 207 982 in
221 928 277 994 lege
287 920 334 975 llei
350 921 480 991 populum
495 920 528 975 de
543 918 727 989 promissione
739 918 888 973 llominieae
936 926 994 971 rete
1015 916 1075 971 lidei
1087 918 1168 987 cepit,
1182 928 1209 971 et
1230 927 1345 971 cunctos
1360 917 1420 971 olen
1435 918 1593 971 chrismatis
1605 918 1632 971 iu
1644 932 1723 987 reges

120 1016 301 1080 incarnationis
325 1028 403 1067 rrorae
427 1012 521 1084 gratiae
551 1012 696 1067 dulcedine
723 1010 885 1081 pascebant,
936 1014 963 1060 ct
975 1006 1002 1059 iu
1023 1007 1178 1062 sacerdotes
1193 1022 1293 1079 ungere
1306 1005 1378 1061 feeit.
1390 1004 1442 1061 Per
1455 1008 1544 1061 albam
1562 1022 1679 1077 narrrque
1695 1006 1722 1061 iu

118 1113 187 1187 quasi
210 1111 235 1164 in
257 1107 353 1161 virtute
370 1120 448 1175 aquae
471 1120 547 1174 spem
564 1103 740 1159 confoventes
761 1102 887 1157 humanae
936 1096 1257 1169 baptismateacceptam,
1271 1097 1468 1165 sacerdotium,
1481 1114 1527 1169 por
1539 1100 1648 1154 mitram
1659 1115 1723 1154 roro

117 1206 180 1259 rite.
198 1198 263 1253 lliuc
281 1207 322 1253 est
340 1196 413 1266 quod
427 1193 561 1250 Dominus
578 1204 641 1266 post
658 1194 885 1249 resurrectionem
936 1189 1017 1260 capiti
1033 1188 1188 1260 impositam
1212 1188 1373 1260 desigrlatur
1387 1189 1513 1244 diadema
1534 1190 1651 1261 regium.
1674 1190 1723 1246 Sc-

117 1297 166 1351 ait:
180 1312 188 1343 ι
205 1288 348 1359 Oportebat
368 1287 474 1357 impleri
490 1286 581 1342 omnia
595 1301 656 1357 quae
668 1286 768 1356 scripta
781 1293 846 1340 sunt
857 1285 886 1341 iu
935 1282 1050 1352 quitur:

117 1389 167 1457 lege
188 1382 279 1452 llopsi,
305 1388 332 1435 et
356 1380 495 1450 propinetis
517 1387 544 1433 et
559 1378 671 1448 psalmis
693 1377 728 1431 dc
750 1392 793 1431 me
807 1376 884 1447 (ιιι.
974 1392 985 1427 ι
1000 1374 1053 1429 Sed
1062 1374 1119 1429 lraec
1131 1372 1196 1444 qnid
1208 1372 1279 1429 inter
1292 1371 1464 1429 tantosirbe
1478 1374 1500 1427 si
1515 1374 1621 1429 dicatur
1635 1392 1641 1429 :
1656 1372 1723 1429 l’cr·

116 1477 209 1542 astri.»
226 1472 273 1527 llic
285 1487 395 1543 quoque
412 1472 572 1542 praecipiens
584 1470 637 1526 ribi
653 1470 745 1525 afferri
760 1484 845 1541 panes
859 1477 887 1524 et
935 1464 1030 1520 multis
1054 1464 1184 1520 alimenta
1216 1464 1345 1535 petituris
1367 1478 1449 1534 supra
1475 1480 1583 1519 orttnem
1610 1480 1723 1521 sensum

114 1570 203 1641 pisos,
227 1565 341 1637 crystice
365 1564 494 1635 praecepit
523 1562 691 1619 intellectum
718 1558 885 1617 Testamenti
935 1555 1070 1625 corporis,
1090 1571 1255 1627 omnemque
1275 1556 1407 1623 litteram,
1429 1556 1494 1626 quid
1509 1558 1619 1627 prodest
1634 1558 1724 1613 littera

114 1660 205 1715 leteris
215 1658 247 1712 ιιι
259 1672 289 1711 se
303 1654 407 1711 referri.
423 1656 495 1711 Bene
508 1666 597 1710 autern
615 1671 663 1726 per
674 1654 803 1725 aquatilia
817 1653 885 1727 ligu-
934 1648 1030 1703 retus?
1045 1648 1114 1717 Quia
1139 1650 1285 1704 carnaliter
1301 1648 1442 1719 sapiebant
1464 1657 1491 1704 et
1512 1650 1539 1704 in
1560 1666 1607 1720 spe
1619 1650 1725 1705 carnali

112 1761 195 1806 rantur
209 1749 406 1820 prophetantes
423 1748 456 1803 de
469 1756 643 1814 nostroaero,
657 1746 750 1817 inquo
768 1746 885 1817 populus
934 1740 1132 1812 quiescebant,
1160 1740 1259 1811 quibus
1285 1740 1327 1796 lex
1362 1740 1522 1809 temporalia
1549 1741 1722 1811 promiserat,

111 1842 217 1897 fidelium
233 1841 292 1895 sine
304 1839 384 1909 aquis
404 1838 531 1909 baptismi
546 1838 638 1894 rivere
659 1838 815 1893 nullatcnus
833 1852 884 1908 po-
901 1829 921 1883 B
934 1833 1090 1905 praecipitur
1104 1848 1185 1903 super
1195 1832 1281 1888 viride
1294 1834 1385 1888 fenum
1393 1833 1504 1902 jacere:
1520 1831 1635 1888 «Omnis
1649 1834 1724 1888 enim

110 1944 163 1989 test.
177 1932 261 1987 Panes
275 1947 343 1985 acro
363 1932 505 1996 hordeacei
518 1931 645 1997 fuerunt,
671 1932 718 2003 qui
740 1931 818 1985 cibus
841 1939 883 1985 est
933 1940 998 1980 caro
1013 1925 1117 1991 fenum,
1130 1935 1157 1979 et
1177 1925 1288 1981 claritas
1305 1926 1425 1981 lrorninis
1437 1926 1508 1981 sicut
1522 1926 1571 1982 llos
1582 1924 1637 1981 feni
1651 1924 1722 1997 (iso.

110 2027 271 2089 rusticorum,
288 2022 354 2093 qnia
375 2024 489 2079 rudibus
513 2024 684 2079 auditoribus
703 2020 781 2093 quasi
806 2036 884 2093 gros·
933 2024 1009 2092 xci.»
1026 2021 1253 2093 Discumbitergo
1267 2021 1448 2093 supcrfcnum
1460 2028 1506 2093 qui
1518 2038 1627 2077 curnem
1643 2038 1722 2077 suam

109 2114 170 2168 riom
191 2110 387 2165 committenda
411 2119 476 2165 sont
500 2122 644 2182 praeopta.
660 2110 793 2165 Animalis
809 2111 883 2164 enim
933 2114 1030 2179 calcat,
1047 2122 1074 2169 et
1097 2115 1178 2169 flores
1203 2115 1276 2170 illins
1290 2114 1369 2185 (quasi
1392 2113 1581 2170 mensionum
1605 2117 1723 2170 conterit

108 2205 180 2258 borno
193 2219 246 2257 non
259 2202 376 2273 percipit
386 2218 417 2257 ea
429 2219 490 2273 quae
512 2216 577 2258 sunt
597 2203 710 2275 spiritus
735 2202 791 2258 bet.
807 2200 883 2257 Uude
933 2208 1025 2262 saeculi
1036 2206 1187 2277 voluptates
1201 2208 1254 2263 sibi
1265 2208 1426 2278 subjiciens.
1441 2207 1547 2263 Diversi
1566 2208 1723 2265 discubitus

107 2294 224 2350 ιιοιιιιιιιιι
249 2294 401 2365 unicuique
418 2311 467 2365 pro
488 2294 598 2365 juribus
620 2295 692 2351 dona
713 2294 838 2350 tribuens
856 2304 883 2350 et
932 2299 1135 2354 convivantium
1160 2299 1282 2356 diversos
1295 2300 1721 2371 significantcunrentusEccle-

107 2402 200 2456 scmper
218 2386 251 2441 ad
271 2386 438 2456 perfectiora
461 2402 623 2455 provocans,
649 2387 738 2457 primo
761 2386 883 2457 quinque
932 2390 1248 2463 siarum.Quinquageni
1258 2401 1348 2448 autem
1361 2391 1547 2457 discumbunt,
1557 2392 1621 2462 quia
1632 2392 1723 2447 adbuc

105 2477 758 2548 paribusquinquemilliarelieit,secondnscptem
766 2478 883 2549 panibus
932 2481 1135 2553 inpoenitentia
1153 2482 1234 2553 positi
1250 2484 1374 2537 auditum
1389 2482 1464 2538 verbi
1481 2482 1721 2554 percipiunt.Nam

105 2580 209 2639 quatuor
218 2571 303 2625 millia
316 2570 560 2636 bominnm,tertio
569 2570 709 2640 discipulis
727 2568 883 2627 suacarnia
932 2576 1184 2647 quinquagenarius
1201 2590 1332 2631 numerus
1349 2576 1516 2646 paenitentiae
1535 2584 1563 2629 ct
1585 2574 1723 2630 remissio-

104 2662 269 2733 ctsanguinis
295 2664 458 2735 mysterium
477 2662 575 2727 credit,
590 2662 624 2718 ad
649 2662 774 2717 ultimum
789 2662 836 2717 dat
852 2671 884 2717 ut
932 2668 977 2722 nis
988 2680 1038 2722 est.
1053 2668 1166 2722 Centcni
1188 2682 1253 2721 roro
1267 2666 1455 2733 discumbunt,
1478 2666 1541 2736 quia
1563 2681 1612 2736 per
1632 2665 1723 2735 paeni·

105 2755 177 2809 edant
189 2764 214 2810 et
229 2756 327 2810 bibant
343 2772 427 2826 super
441 2772 564 2811 mensam
583 2771 661 2811 suam
675 2756 702 2810 in
717 2772 802 2825 regno
818 2772 880 2812 suo.
933 2760 1044 2814 tentiam
1059 2759 1286 2830 quinquagenarii
1303 2762 1336 2816 ad
1351 2758 1502 2830 perfectum
1516 2759 1658 2815 centesimi
1670 2773 1722 2812 nn-

104 2842 144 2899 l'cl
155 2846 188 2900 ita
200 2865 207 2901 ι
219 2830 374 2902 liordeacci
388 2856 466 2901 crant
477 2862 573 2918 panes,
592 2847 657 2917 qnia
674 2848 707 2903 ad
722 2846 807 2905 letus
830 2847 882 2903 Te·
932 2851 1000 2903 meri
1018 2851 1125 2905 culmen
1140 2850 1330 2921 ascendentes,
1343 2852 1371 2906 in
1393 2853 1452 2909 solo
1465 2855 1521 2923 jam
1534 2852 1596 2906 ritae
1613 2860 1722 2906 aetcrrtre

103 2946 253 2992 stameruum
279 2938 505 3009 pertinebant,ct
525 2938 652 2995 sicutrix
669 2940 825 3011 pervenitur
848 2942 882 2995 ad
932 2942 1069 2997 desiderio
1083 2944 1232 3013 suspirant.

102 3029 233 3085 nteddlam
249 3030 362 3098 bordei,
379 3032 416 3086 ita
431 3028 515 3087 Vetus
535 3030 741 3087 Testamentum
765 3034 881 3089 vestitur
970 3034 1120 3104 «Acceptis
1130 3044 1220 3089 autern
1234 3034 1358 3105 quinque
1369 3033 1488 3105 panibus
1505 3040 1533 3088 et
1544 3032 1652 3087 duobus
1664 3032 1720 3103 pis-

101 3121 383 3190 tcgminecarnalium,
399 3122 447 3179 scd
465 3124 582 3188 sauciat,
596 3140 659 3179 cam
675 3124 750 3180 intus
760 3126 882 3195 perreni-
932 3124 1010 3179 cibus
1024 3126 1143 3197 respexit
1158 3126 1185 3181 in
1206 3127 1318 3191 cccluut,
1338 3136 1365 3181 ct
1388 3124 1527 3181 benedixit
1548 3124 1612 3191 illis,
1628 3122 1718 3195 fregit,

100 3219 147 3267 tur.
162 3212 216 3270 fluo
242 3225 339 3271 autem
368 3216 457 3287 pisces
481 3217 529 3287 qui
550 3232 675 3287 saporem
688 3217 789 3273 dabant
816 3218 879 3287 pani
930 3226 956 3271 et
968 3216 1108 3272 distribuit
1128 3218 1290 3289 discipulis;
1318 3217 1446 3288 discipuli
1464 3227 1555 3273 autem
1574 3216 1672 3272 turbis.
1687 3214 1721 3270 Et

100 3321 208 3375 suarem,
220 3320 287 3364 sunt
299 3310 366 3363 duae
379 3324 503 3381 personae
523 3310 713 3365 sacerdotiset
734 3312 805 3379 regis
817 3309 880 3379 qui·
930 3310 1163 3365 utanducarerunt
1185 3318 1317 3365 omneset
1342 3310 1457 3365 saturati
1482 3318 1557 3364 suut.
1586 3306 1721 3362 'lulerunt

99 3394 142 3453 bus
153 3400 268 3469 popalus
285 3398 376 3457 lsrael
397 3400 552 3471 regebatur,
566 3408 596 3456 at
617 3416 666 3471 por
678 3417 727 3457 eas
749 3402 880 3457 consilio·
928 3398 1061 3471 reliquias
1072 3400 1215 3455 duodecim
1229 3400 1362 3487 copbirpos
1378 3398 1594 3469 fragruentorunr
1611 3399 1717 3469 plenos.

98 3504 149 3543 rum
175 3492 357 3547 moderamen
385 3493 529 3562 acciperet.
553 3492 659 3560 Qaibtta
685 3493 758 3550 inter
785 3493 880 3549 turbas
929 3490 1152 3548 ll.rnducautium
1172 3504 1264 3548 autem
1291 3492 1343 3547 fuit
1362 3491 1720 3562 rtrrrnerusquasiqninque

98 3576 242 3638 fuctuantis
267 3584 384 3649 saeculi,
407 3600 483 3640 nrore
505 3586 621 3655 piscium
648 3586 805 3657 quassatis,
829 3602 880 3643 nce
929 3583 1013 3639 millia
1025 3584 1291 3656 uirorurn,exccptis
1304 3584 1466 3641 mulieribus
1477 3594 1504 3641 et
1514 3582 1646 3655 parvulis.
1663 3600 1672 3633 ι
1689 3580 1719 3636 ln

96 3668 285 3743 deficientibus,
308 3678 481 3751 figurabatur
501 3681 629 3737 Christus
649 3698 732 3739 verus
751 3683 879 3739 sacerdos
928 3675 1029 3729 coelum
1053 3673 1185 3732 Dorulaus
1212 3676 1342 3747 respexit,
1371 3676 1503 3732 bonorem
1528 3673 1719 3744 Patrisaquo

96 3770 219 3823 etrcctor.
240 3768 317 3827 Puer
332 3781 448 3843 portans
460 3781 503 3827 est
523 3774 640 3844 populns
650 3774 707 3840 illc,
722 3775 836 3845 puerilis
850 3775 878 3831 in
929 3767 988 3838 ipse
1001 3776 1061 3823 crat
1078 3767 1233 3836 confessus,
1253 3768 1344 3838 utqui
1360 3768 1488 3824 adessent
1501 3768 1686 3837 intelligerent
1702 3780 1719 3820 a

95 3867 177 3924 sensu,
192 3876 244 3916 nec
258 3863 449 3929 manducans,
467 3864 515 3932 qui
529 3863 608 3934 quasi
626 3880 697 3921 oous
711 3866 804 3920 clausa
819 3880 880 3935 por·
928 3875 983 3930 quo
998 3868 1079 3914 tante
1092 3858 1201 3915 uirtutis
1214 3860 1363 3929 accepisset
1376 3858 1513 3924 effectum,
1527 3858 1677 3927 dirigentes
1691 3864 1720 3909 ct

95 3946 169 4014 tabat,
185 3966 236 4006 nec
251 3953 327 4008 alins
346 3968 472 4024 pascens.
489 3952 555 4009 ltcm
579 3971 628 4025 per
648 3954 770 4026 quinque
794 3970 879 4025 panes
928 3954 981 4025 ipsi
994 3952 1165 4009 illucoculos
1180 3954 1288 4009 meritis.
1304 3950 1332 4007 Si
1344 3968 1428 4025 panes
1445 3968 1498 4006 raon
1517 3951 1718 4021 frangerentur,

94 4036 223 4113 Scriptura
238 4054 268 4100 et
281 4046 412 4115 exempla
424 4044 549 4109 Patrem,
564 4046 592 4102 iu
609 4048 732 4118 quinque
753 4046 880 4104 aetatibus
928 4060 983 4099 non
998 4044 1101 4099 alerent
1117 4052 1219 4099 tantam
1232 4044 1350 4098 turbam.
1368 4042 1413 4099 Sic
1425 4050 1451 4097 et
1473 4046 1525 4107 lea,
1542 4041 1564 4097 si
1583 4056 1638 4095 nou
1654 4054 1719 4109 ape·

93 4130 250 4202 degentium,
284 4136 489 4209 intelliguntur,
513 4138 614 4207 quibus
638 4136 760 4209 quotidie
787 4138 879 4194 frtlcles
928 4137 1039 4203 riretur,
1060 4152 1113 4191 non
1133 4142 1258 4207 pasceret
1281 4135 1394 4203 multos,
1412 4149 1483 4205 quos
1505 4142 1596 4203 aperta
1619 4132 1716 4203 pascit.

92 4222 188 4281 abunde
214 4227 395 4283 reficiuntur.
423 4220 454 4283 la'
475 4229 562 4299 prima
583 4238 663 4285 aetate
686 4228 781 4285 Enoch
809 4244 879 4301 pane
929 4226 1124 4300 Unusquisque
1139 4228 1324 4299 apostolurum
1346 4227 1380 4285 de
1404 4225 1527 4299 reliquiis
1553 4226 1646 4296 implet
1667 4241 1715 4279 co-

92 4314 174 4385 scripti
187 4333 239 4373 nos
252 4318 359 4381 reficit.
372 4318 436 4373 dum
448 4318 593 4375 Dominum
609 4336 671 4374 cnm
683 4320 802 4376 millibus
815 4336 876 4377 sau·
927 4320 1042 4391 pbinnnr
1058 4336 1149 4386 strunt,
1164 4330 1194 4375 nt
1209 4320 1250 4377 rel
1267 4320 1365 4376 lrabeat
1383 4320 1454 4374 unde
1476 4326 1569 4389 postca
1592 4316 1719 4389 gentibus

90 4416 185 4464 etorum
201 4412 235 4466 ad
245 4412 390 4483 judicium
404 4421 546 4467 venturum
560 4412 664 4468 scribit.
676 4411 750 4468 Pane
762 4412 878 4484 exempli
928 4412 1004 4468 eibos
1027 4413 1155 4483 praebeat,
1170 4412 1212 4468 rel
1227 4427 1261 4467 ex
1276 4412 1400 4483 reliquiis
1423 4426 1503 4467 veros
1526 4409 1611 4465 fuisse
1633 4424 1719 4479 panes

90 4512 134 4555 nos
147 4503 229 4557 satiat
246 4504 319 4559 dum
338 4518 402 4559 cum
417 4502 596 4573 objustitiam
618 4502 675 4559 Deo
691 4504 835 4575 placuisse,
851 4514 878 4561 et
894 4506 1034 4577 pdoeeat.
1051 4504 1177 4576 Quinque
1187 4504 1270 4561 millia
1282 4506 1414 4573 virorum,
1427 4503 1454 4559 id
1467 4514 1506 4559 cst
1522 4502 1715 4574 perlectorum.

89 4587 112 4643 itt
128 4594 293 4663 paradisum
321 4602 432 4664 raptum
454 4593 539 4649 luisse
554 4593 697 4665 Scriptura
712 4610 879 4650 commento·
932 4596 1019 4653 Serus
1044 4596 1146 4669 fragilis
1157 4605 1184 4651 et
1198 4598 1288 4652 minor
1301 4606 1366 4653 aetas
1383 4596 1487 4667 indigni
1506 4603 1571 4649 sunt
1591 4608 1716 4647 numero.

88 4692 134 4737 rat.
156 4683 184 4740 ln
209 4685 342 4742 securrda
368 4694 448 4741 etate
475 4686 554 4756 panis
577 4686 656 4742 uobis
679 4702 728 4759 per
741 4685 879 4740 Abrabam
931 4686 1009 4745 llnde
1022 4698 1049 4745 et
1068 4690 1096 4745 in
1109 4686 1291 4744 llumcrorum
1307 4689 1377 4744 libro
1391 4688 1498 4759 quotics
1510 4686 1676 4753 sacerdotes,
1691 4694 1719 4741 ct

87 4774 735 4848 ministratur,dumlittcrasllcbraeasrcpcrisse,
743 4787 880 4834 transacta
931 4779 1030 4836 Leritae
1044 4790 1071 4835 ct
1083 4780 1168 4836 turbae
1180 4780 1358 4851 pugnantium
1378 4780 1580 4841 describuntur,
1597 4779 1679 4843 servi,
1691 4788 1720 4831 ct

87 4867 369 4941 abinitioscripsissc,
379 4868 574 4925 astronomiam
582 4870 608 4923 in
617 4868 733 4940 AEgypto
741 4869 879 4937 docuisse,
930 4873 1058 4929 mulieres
1069 4882 1097 4927 et
1107 4872 1258 4943 parruli,et
1271 4872 1388 4943 ignobile
1399 4872 1496 4941 vulgus
1508 4870 1719 4943 pretermittan-

85 4974 114 5013 ae
125 4958 178 5017 llco
191 4964 220 5018 in
232 4963 374 5018 omnibus
384 4961 510 5018 obedisse
521 4970 660 5016 narratur.
671 4960 700 5015 ln
712 4963 789 5017 tertia
802 4969 881 5017 rotate
931 4973 985 5019 tur.
1012 4962 1071 5018 Non
1094 4978 1161 5019 nora
1177 4972 1253 5018 creat
1266 4962 1391 5017 Salvator
1404 4962 1517 5027 cibaria,
1532 4961 1579 5016 scd
1595 4974 1717 5031 praesen-

85 5062 128 5116 per
140 5051 255 5124 tlopsen
270 5051 390 5123 copiose
400 5052 547 5118 relicimur,
562 5052 729 5107 dumdeccm
739 5054 880 5123 praeceptis
931 5056 1004 5111 tibus
1021 5054 1165 5121 benedicit,
1194 5055 1259 5125 quia
1280 5053 1308 5108 in
1337 5069 1419 5108 carne
1436 5054 1557 5115 veniens,
1583 5066 1638 5105 nou
1664 5050 1717 5105 alia

83 5154 128 5208 per
140 5144 201 5213 eius
222 5145 339 5215 scripta
359 5144 535 5210 instruimur,
555 5152 583 5199 ct
605 5144 664 5213 ipsc
688 5159 771 5215 super
784 5160 881 5199 onrries
931 5146 1068 5217 praedicat,
1080 5148 1126 5202 sed
1142 5146 1373 5218 proplrctiaedicta
1389 5144 1527 5217 mysteriis
1545 5144 1638 5215 gratiae
1653 5158 1717 5214 gra-

84 5231 204 5293 bomincs
221 5236 475 5291 mansuetissimus
488 5235 609 5291 fuisseet
625 5234 813 5307 inultisslgnis
829 5236 882 5293 ful·
930 5236 993 5293 vida
1011 5239 1189 5293 demonstrat.
1201 5234 1278 5291 Unde
1296 5236 1420 5307 sequitur
1434 5238 1498 5307 quia
1520 5234 1608 5306 fregit,
1626 5234 1652 5287 id
1676 5243 1719 5287 cst

81 5323 147 5381 sisse
156 5329 349 5385 describitur.
361 5326 389 5381 ln
401 5336 496 5398 quarta
511 5338 589 5384 aetate
604 5326 700 5394 David,
712 5328 842 5385 Salomon
853 5340 882 5384 ct
930 5329 1024 5385 clausa
1039 5338 1208 5385 sacramenta
1232 5327 1299 5399 legis
1321 5337 1349 5381 ct
1366 5327 1560 5397 prophetarum
1578 5322 1714 5395 patefecit.

81 5426 174 5473 omncs
188 5434 264 5488 pene
280 5418 428 5488 propbctae
442 5432 492 5473 nos
514 5418 586 5472 dulci
603 5432 674 5488 pane
691 5420 802 5487 satiant,
814 5421 880 5475 dum
931 5420 1019 5475 Partes
1044 5420 1193 5491 frangendo
1217 5419 1442 5490 multiplicantur,
1465 5418 1529 5488 quin
1553 5416 1630 5471 multi
1654 5412 1715 5467 libri

81 5518 129 5564 nos
140 5512 273 5584 mysticis
287 5511 405 5579 scriptis
425 5520 452 5565 et
467 5508 546 5566 factis
563 5509 720 5567 informant.
736 5511 766 5565 ln
786 5513 880 5582 quinta
930 5514 994 5569 facti
1024 5522 1087 5569 sunt
1109 5514 1268 5583 exponendo
1292 5514 1387 5583 legem.
1413 5511 1551 5580 Frangens
1577 5507 1716 5562 distribuit

79 5608 155 5656 aetate
167 5604 277 5659 Esdras
289 5618 349 5658 nos
362 5619 430 5673 pane
438 5612 553 5668 saturat,
561 5602 626 5657 dum
641 5605 726 5675 legem
739 5606 879 5662 iucensam
930 5604 1082 5675 discipulis,
1093 5612 1120 5658 et
1132 5604 1170 5659 illi
1184 5603 1356 5675 praefractum
1370 5602 1535 5672 frangentes,
1549 5598 1716 5655 distribuunt

79 5692 199 5761 reiterat,
210 5703 241 5752 et
254 5692 396 5763 ternplum
409 5695 577 5749 destructum
588 5694 742 5751 reaedificat.
753 5696 784 5751 lli
796 5714 881 5768 panes
932 5698 1029 5762 turbis,
1043 5696 1106 5768 quia
1130 5698 1233 5753 sanctis
1254 5696 1412 5753 ductoribus
1429 5692 1535 5763 aperuit
1559 5706 1668 5747 sensum
1685 5700 1715 5743 ut

79 5783 165 5839 turbis
184 5785 417 5850 distribuuntur,
431 5784 496 5839 dum
509 5784 606 5840 borum
618 5785 718 5856 scripta
734 5796 761 5842 et
781 5788 880 5845 factaa
932 5790 1111 5860 intelligerent
1130 5788 1295 5861 Scripturas,
1320 5796 1346 5843 ct
1368 5786 1518 5841 intellectas
1544 5780 1714 5839 auditoribus
