4017 6342
138 316 192 375 945
610 318 898 377 portentuosas·
917 320 967 376 SS.
987 319 1143 377 Plelllbl.
1162 350 1196 361 -
1216 320 1280 376 blll.
1302 320 1322 377 l.
1731 330 1782 385 Old

134 432 241 486 clama
257 449 317 503 uuo
332 434 387 489 sibi
402 434 509 505 prelata
519 441 560 488 est
573 432 774 504 perhorrescat.
791 435 858 493 Nam
874 453 936 493 cum
954 452 974 502 p
990 446 1086 492 contra
1099 453 1129 493 se
1148 444 1176 492 et
1191 438 1281 493 Aaron
1308 437 1438 507 conqueri
1465 439 1595 509 populum
1611 444 1783 511 cognovisset

133 522 298 593 praepositis
322 526 517 597 delinquimus,
541 526 603 593 ejus
626 527 791 582 ordinationi
815 529 863 598 qni
887 543 935 583 eos
989 530 1044 584 ait:
1065 550 1073 579 r
1091 527 1146 585 Nos
1169 528 1241 584 eninr
1260 527 1325 601 qnid
1352 528 1471 585 sumus?
1486 547 1535 586 nec
1549 540 1642 587 contra
1671 548 1720 589 nos
1741 544 1785 592 cst

132 612 216 669 nobis
230 615 358 685 praetulit
375 617 526 671 obviamus.
547 614 624 672 Unde
637 616 743 690 llogses
753 635 862 689 quoque
872 636 936 675 cum
990 637 1115 675 nrurmnr
1126 622 1305 689 vcstmrn,sed
1316 630 1410 677 contra
1420 621 1564 681 Dominum
1578 624 1676 697 (daed.
1687 626 1753 697 rvr).
1769 644 1780 681 r

459 896 712 977 DOMlNle
753 900 792 979 ll
832 898 964 977 POST
993 898 1222 979 OCTbeS
1260 896 1476 981 PASCHAE.

782 1074 966 1137 Securrdum
982 1076 1138 1136 loannem

174 1251 183 1283 t
202 1231 346 1289 Modicum
364 1244 392 1290 et
408 1236 536 1304 jamnon
555 1234 681 1290 ridebitis
701 1250 761 1301 me,
781 1244 810 1290 et
835 1236 934 1291 iterum
988 1237 1015 1289 in
1043 1236 1207 1291 tentationes
1233 1236 1321 1289 varias
1344 1235 1504 1291 inciderent.
1530 1238 1609 1307 Quod
1623 1250 1713 1295 autern
1727 1242 1780 1298 ait:

137 1326 292 1393 modicum,
313 1334 341 1382 et
363 1326 488 1381 videbitis
514 1342 569 1394 me,
587 1326 652 1400 quia
672 1326 743 1381 vado
766 1327 800 1383 ad
813 1326 933 1383 Patrem.
988 1324 1088 1381 lterunr
1105 1334 1196 1381 antem
1211 1326 1309 1379 videbo
1323 1341 1382 1392 vos,
1397 1336 1424 1381 et
1443 1327 1571 1400 gaudebit
1583 1344 1632 1384 eor
1646 1340 1781 1399 vestrum,

140 1415 277 1473 bisen-tint
296 1434 365 1491 ergo
386 1434 419 1475 ex
436 1420 579 1490 discipulis
593 1419 653 1490 ejus
665 1419 699 1474 ad
714 1421 829 1475 invicem
845 1420 935 1487 :puto
985 1418 1027 1473 sie
1049 1415 1229 1489 intelligitur:
1247 1416 1367 1487 Eripiam
1387 1431 1436 1472 vos
1449 1419 1484 1473 ab
1504 1418 1684 1487 advorsariis,
1703 1436 1783 1477 coro-

140 1507 182 1563 est
205 1508 260 1563 boc
272 1508 347 1577 quod
361 1508 428 1564 dicit
445 1510 595 1575 modicum,
609 1517 637 1563 et
655 1524 709 1564 non
727 1508 854 1565 videbitis
878 1526 933 1575 me,
985 1508 1058 1563 nabo
1081 1524 1129 1564 vos
1160 1508 1296 1575 victores,
1321 1509 1442 1579 probabo
1478 1526 1522 1567 tne
1548 1527 1655 1581 semper
1680 1514 1783 1571 vidisse

140 1609 166 1654 et
185 1600 304 1664 iterum,
320 1600 458 1655 modicum
479 1611 507 1656 et
521 1600 649 1655 videbitis
669 1616 723 1667 me,
743 1610 770 1655 et
784 1601 850 1671 quia
864 1601 933 1656 rado
986 1615 1037 1655 vos
1049 1608 1195 1656 certarttes.
1219 1599 1251 1655 Et
1270 1600 1297 1656 in
1314 1601 1360 1656 illo
1372 1600 1416 1657 dic
1428 1616 1481 1657 non
1497 1602 1628 1673 rogabitis
1644 1618 1687 1659 me
1701 1604 1782 1674 quid-

141 1690 453 1748 atraeremtbicebant
468 1708 551 1765 ergo:
564 1693 635 1761 Quid
648 1704 691 1749 est
705 1694 757 1749 boe
771 1694 934 1764 enodabat,
986 1708 1080 1763 quam.
1106 1691 1135 1747 ln
1157 1693 1201 1747 die
1225 1692 1337 1747 visionis
1354 1703 1462 1749 aterum
1475 1708 1530 1747 non
1543 1696 1650 1765 petetis,
1668 1695 1710 1749 rel
1727 1710 1783 1751 non

141 1784 457 1841 modicumlllescimus
481 1786 546 1857 quid
569 1786 692 1857 loquitur
714 1784 806 1855 (loun.
832 1788 899 1857 rvr).
922 1807 931 1839 r
986 1781 1202 1853 interrogabitis,
1223 1784 1287 1853 quia
1299 1791 1364 1839 tunc
1380 1784 1431 1839 crit
1445 1784 1524 1854 plena
1540 1786 1660 1859 cognitio
1670 1794 1696 1841 et
1708 1786 1783 1842 sulli-

141 1874 201 1931 lloe
213 1891 263 1932 eos
289 1876 425 1943 merebat,
441 1879 506 1949 quia
524 1876 602 1941 dixit,
621 1876 769 1933 Modicum.
787 1876 839 1935 Sed
857 1888 934 1950 post·
986 1877 1096 1933 olentia.
1123 1874 1180 1931 lloe
1195 1877 1308 1931 uerbum
1329 1876 1401 1947 quod
1425 1884 1468 1933 est
1495 1892 1592 1947 rogare
1611 1892 1664 1933 noo
1691 1878 1780 1935 solum

141 1984 174 2023 ea
196 1966 374 2023 manifestum
401 1967 462 2024 tuit.
491 1966 560 2023 Nam
584 1978 645 2040 post
670 1968 810 2039 paululum
835 1985 935 2040 passus
986 1971 1293 2040 petere‚verumetiam
1317 1971 1485 2041 interrogare
1507 1972 1782 2041 signillcat‚etGrae·

140 2070 193 2127 est,
216 2069 310 2115 etnon
333 2060 462 2115 viderunt
484 2076 563 2128 eum;
584 2076 682 2117 rursus
705 2069 768 2132 post
790 2063 932 2132 paululum
986 2076 1049 2117 curn
1072 2062 1144 2117 unde
1158 2062 1209 2117 boc
1231 2062 1391 2117 translatum
1408 2072 1459 2128 est,
1479 2064 1533 2119 tale
1560 2064 1642 2121 babet
1662 2066 1775 2121 verbum

140 2150 301 2220 resurrexit,
315 2152 568 2209 etvidcrunteum.
595 2150 643 2209 llel
668 2154 726 2208 ita:
743 2152 934 2210 llodicotem-
985 2152 1058 2223 quod
1079 2161 1225 2224 utrumqne
1252 2156 1339 2223 possit
1370 2155 1495 2226 intelligi.
1522 2154 1594 2226 Ergo
1621 2156 1780 2229 ambiguum

139 2258 207 2315 pore
221 2258 278 2299 non
300 2244 428 2299 viderunt
448 2259 522 2311 eum,
557 2243 623 2301 dum
645 2245 822 2317 requievitin
836 2262 935 2302 monn·
990 2253 1043 2299 cst.
1066 2242 1187 2299 Possunt
1211 2244 1268 2300 lime
1292 2252 1319 2299 ct
1335 2245 1370 2299 ita
1392 2246 1501 2315 exponi,
1526 2254 1555 2301 nt
1579 2248 1606 2301 in
1633 2246 1776 2317 discipulis

140 2342 284 2403 mento,ct
306 2334 417 2391 modico
434 2343 556 2405 tempore
587 2336 714 2391 uiderunt
741 2352 804 2392 eum
824 2339 934 2408 quando
987 2336 1121 2392 universae
1157 2336 1285 2405 loquatur
1311 2334 1438 2392 Ecclesia
1469 2334 1612 2403 Dominus,
1633 2336 1779 2393 velutibi:

139 2425 181 2481 eis
216 2426 347 2496 apparuit
389 2442 423 2481 xe
462 2425 558 2483 diebus
594 2433 656 2498 post
692 2429 931 2484 resurrectionem.
988 2426 1084 2483 «Eece
1097 2440 1148 2497 ego
1161 2426 1304 2482 vobiscum
1321 2442 1382 2483 snm
1399 2443 1486 2498 usque
1507 2428 1539 2482 ad
1558 2428 1781 2483 cousummatio-

139 2514 298 2587 Propterea
315 2518 424 2573 modico
440 2525 561 2588 tempore
580 2518 707 2573 ridebitis
723 2533 766 2574 me
785 2518 933 2592 quiavado
984 2534 1046 2573 nem
1075 2518 1440 2589 saeculilllnttlr.xsvnr).r
1465 2518 1600 2575 Modicum
1615 2519 1707 2590 etjam
1723 2533 1781 2577 non

140 2608 174 2663 ad
188 2606 309 2677 Patrem,
323 2610 447 2681 deposita
461 2608 628 2665 mortalitate
642 2609 790 2665 humanam
803 2619 932 2667 naturam
984 2610 1113 2665 videbitis
1133 2625 1187 2677 mc,
1202 2618 1229 2665 et
1243 2610 1277 2665 ad
1294 2610 1345 2665 boc
1366 2609 1494 2677 refertur,
1513 2610 1578 2681 quia
1596 2611 1665 2667 vado
1677 2611 1711 2667 ad
1724 2609 1779 2669 Pa·

139 2704 218 2761 stalis
238 2704 369 2759 inferens.
384 2702 464 2770 pum
478 2711 569 2757 autem
584 2702 645 2757 ait:
664 2720 674 2755 r
690 2702 724 2757 Et
740 2702 798 2773 jam
826 2719 881 2759 non
891 2706 933 2759 vi·
983 2711 1063 2756 trem.
1083 2700 1178 2756 Enndo
1193 2700 1297 2757 scilicet
1309 2702 1341 2756 ad
1353 2698 1634 2768 Patrem‚snbtralram
1651 2716 1782 2773 corpora-

139 2796 239 2853 debitis
251 2812 305 2860 me,
322 2814 331 2847 s
346 2797 386 2851 sic
397 2794 584 2865 accipiendum
596 2803 639 2850 est
649 2795 789 2865 quomodo
804 2798 932 2867 superius
983 2792 1037 2846 lem
1066 2792 1210 2859 visionem,
1234 2800 1264 2847 nt
1291 2791 1430 2849 fructuose
1453 2792 1546 2849 credat
1570 2791 1701 2849 Ecclesia.
1718 2812 1729 2846 r
1747 2792 1782 2851 Et

140 2891 199 2946 ait:
217 2908 226 2943 r
245 2888 285 2945 De
298 2888 407 2959 justitia
436 2900 502 2943 rero
522 2886 587 2957 quia
608 2887 642 2942 ad
661 2885 777 2942 Patrem
805 2888 885 2956 rado,
905 2896 933 2944 et
982 2882 1081 2937 iterum
1106 2883 1244 2939 modicum
1265 2892 1292 2939 et
1305 2884 1431 2940 videbitis
1452 2900 1495 2939 me
1514 2896 1637 2941 »aeterna
1661 2886 1777 2941 visione.

136 2988 194 3057 jam
217 3000 273 3041 non
287 2985 412 3042 videbitis
426 2999 470 3039 me
483 2982 585 3055 (itia),
604 3002 614 3035 ι
632 2984 696 3055 quja
710 2982 815 3040 scipoet
828 2991 967 3053 mommo
983 2974 1118 3030 llotlicmn
1133 2976 1282 3031 secundnm
1298 2977 1368 3033 barre
1383 2977 1545 3032 seutentiam
1565 2978 1684 3049 intelligo
1698 2978 1779 3049 lnrg'trs

140 3080 192 3134 lem
206 3093 271 3133 eum
286 3093 341 3133 non
362 3075 480 3147 amplius
491 3074 626 3131 riderent.
983 3064 1149 3135 pervolantis
1171 3066 1263 3121 saeculi
1290 3074 1407 3137 tempus.
1422 3066 1577 3133 plorabitis,
1597 3069 1695 3138 innuit,
1713 3068 1780 3140 quia

175 3170 335 3243 «Cognovit
347 3177 438 3225 autem
457 3166 613 3240 lesnsquia
628 3141 829 3224 volebauteum
844 3165 929 3224 inter·
981 3159 1090 3228 pioiilil
1107 3172 1202 3213 ῠῐιιιιθδ
1231 3158 1294 3213 ii0¹ii
1319 3158 1346 3212 i¹i
1374 3158 1506 3223 iiiiiililiis
1530 3158 1613 3228 tnrjus
1630 3159 1702 3225 liiffi·
1730 3158 1779 3215 sed

139 3278 247 3334 rogare,
262 3271 288 3317 et
306 3261 394 3317 dixit:
418 3259 455 3318 be
475 3262 526 3317 hoc
544 3261 667 3333 quaeritis
682 3259 753 3315 inter
779 3272 839 3323 vos,
866 3258 931 3330 qnia
981 3250 1075 3305 mrtndi
1086 3260 1222 3306 amatores
1236 3250 1365 3321 gaudent.
1377 3250 1516 3307 Mulierem
1530 3250 1778 3307 dicimussanetam

138 3354 194 3408 diri
219 3351 380 3408 :llodicum
410 3362 438 3407 ct
459 3366 514 3407 non
537 3350 664 3406 ridebitis
689 3366 750 3418 me,
778 3350 929 3404 etiterum
983 3342 1133 3399 Ecclesiam
1155 3350 1266 3413 propter
1287 3342 1480 3399 lecundltatem
1504 3342 1778 3413 bonornmopemm,

139 3448 288 3513 modicum,
308 3457 335 3503 et
348 3446 475 3501 videbitis
489 3460 543 3499 me.
564 3443 661 3509 Amen,
684 3458 763 3499 amen
775 3443 837 3499 dlco
851 3440 930 3497 vobis
981 3445 1009 3491 ct
1021 3436 1085 3506 quia
1098 3436 1253 3506 spirituales
1265 3434 1380 3489 bitorino
1392 3435 1462 3491 blios
1476 3434 1587 3506 gignere
1595 3450 1650 3489 non
1667 3432 1777 3501 desinit,

138 3541 202 3609 onia
217 3539 361 3609 plorabitis
384 3546 413 3593 et
425 3536 525 3593 llebltis
540 3534 730 3597 rosmundae
746 3544 836 3591 antem
860 3550 930 3606 gan·
981 3530 1175 3601 quinunquam
1187 3528 1314 3585 inmundi
1323 3528 1520 3583 tentationibus
1530 3526 1649 3583 exerceri
1660 3524 1778 3594 desistit,

137 3634 220 3689 debit.
232 3632 386 3689 Vosantcm
402 3630 644 3694 contristabimini,
657 3630 702 3685 aed
714 3630 824 3685 tristitia
838 3640 929 3686 restra
980 3622 1102 3694 quandiu
1131 3622 1158 3676 in
1185 3622 1288 3677 mundo
1322 3620 1487 3691 spiritalium
1519 3620 1652 3675 virtulum
1684 3616 1778 3689 prole·

137 3734 260 3781 vertetur
278 3725 304 3780 in
328 3725 468 3795 gaudium.
488 3722 675 3778 »constristati
701 3730 765 3777 sunt
784 3722 818 3776 de
842 3730 931 3779 morte
981 3716 1071 3770 ctibns
1091 3714 1202 3770 insistit.
1223 3714 1258 3769 tn
1278 3728 1341 3767 cnm
1356 3713 1462 3769 devicto
1477 3712 1604 3767 laborum
1623 3710 1773 3767 certamine

138 3814 258 3883 bomini,
277 3814 323 3869 sed
337 3830 401 3870 merx
425 3814 458 3869 de
471 3814 672 3868 resurrectione
692 3812 785 3867 laetati.
812 3810 931 3869 blundus
981 3807 1014 3863 ad
1036 3808 1152 3877 palmam
1171 3806 1334 3877 pervenerit,
1354 3804 1410 3873 jam
1428 3819 1482 3860 non
1503 3804 1629 3859 meminit
1641 3818 1780 3873 pressurae

138 3916 230 3964 autem
251 3906 388 3981 signillcat
411 3906 457 3962 bic
484 3904 653 3968 inimicos,a
680 3902 781 3974 quibus
805 3906 930 3961 occissus
980 3898 1158 3969 precedentis
1175 3906 1286 3968 propter
1309 3897 1438 3966 gaudium
1465 3894 1770 3966 pereeptaeretributio·

137 4008 180 4055 est
192 3997 329 4053 cbristus.
980 3990 1053 4044 nis«
1064 3987 1123 4044 Non
1138 3996 1204 4043 sunt
1217 3988 1288 4043 enim
1302 3988 1445 4058 condignae
1460 3987 1600 4056 passiones
1611 3985 1694 4053 buius
1709 3993 1780 4039 tem·

175 4108 187 4142 r
211 4088 309 4143 llulier
323 4103 386 4142 eum
401 4086 473 4157 parit
501 4084 640 4141 tristitiam
663 4083 754 4150 babet,
778 4082 842 4154 grtia
857 4083 931 4139 verrit
980 4080 1056 4151 poris
1068 4078 1102 4135 ad
1118 4079 1238 4135 loturam
1263 4079 1377 4150 gloriam
1401 4076 1488 4147 (Rern.
1502 4076 1573 4147 vm),
1598 4075 1710 4145 quando
1721 4072 1778 4130 Deo

137 4185 206 4238 bora
219 4181 288 4250 cius.
297 4180 367 4235 Cum
380 4192 471 4233 alutem
484 4178 588 4248 peperit
602 4173 790 4249 puerurrr.jam
803 4190 857 4230 non
872 4190 930 4230 me·
981 4172 1084 4227 similes
1095 4172 1210 4238 erimus,
1227 4178 1254 4225 et
1265 4168 1417 4225 videbimus
1428 4182 1490 4221 eum
1505 4164 1585 4221 sicuti
1598 4173 1638 4219 est
1653 4162 1681 4229 (l
1693 4162 1776 4219 loun.

136 4275 218 4328 mimt
241 4286 377 4343 pressurae
402 4278 514 4341 propter
537 4268 679 4341 gaudium,
700 4268 763 4339 quia
789 4277 871 4323 uatus
888 4274 930 4323 est
981 4262 1057 4332 nt)‚a
1076 4270 1106 4317 ut
1119 4260 1315 4331 aitrlpostolus
1330 4260 1357 4313 in
1368 4258 1481 4329 epistola
1493 4273 1553 4311 sna.
1568 4253 1647 4309 Nune
1662 4254 1779 4325 parturit

134 4364 221 4419 bomo
233 4365 260 4419 in
273 4364 432 4419 mundum.»
442 4360 542 4417 Partus
557 4360 656 4432 gaudio
668 4368 852 4431 eomparatur,
865 4369 930 4414 tunc
947 4338 969 4391 Ι)
982 4354 1103 4410 Ecclesia
1117 4354 1248 4425 gemendo
1256 4350 1343 4424 (Rom.
1353 4352 1426 4422 rtur),
1436 4360 1502 4406 tunc
1510 4350 1597 4419 pariet
1605 4346 1733 4402 laetando.
1745 4344 1779 4401 Et

133 4454 226 4526 magis
241 4453 351 4525 quando
375 4468 429 4508 non
444 4452 543 4523 puella,
560 4450 606 4506 sed
632 4465 700 4521 puer
713 4450 846 4504 nascitur.
859 4450 929 4505 Gau·
950 4440 958 4457 '
982 4446 1042 4501 ideo
1070 4444 1309 4515 masculum‚qnia
1333 4442 1367 4497 ad
1392 4441 1510 4497 lruetum
1540 4436 1778 4508 contemplationis

133 4546 211 4601 dium
225 4546 284 4616 ipse
297 4554 340 4602 est
357 4544 496 4611 ernisius,
518 4526 624 4613 ‹le'quo
637 4540 804 4612 Apostolus:
823 4560 832 4593 r
850 4541 930 4597 Clni·
982 4536 1174 4595 cunetaollicia
1184 4540 1338 4593 relevantur
1347 4535 1473 4591 actionis.
1484 4532 1517 4587 Et
1529 4530 1705 4588 sicntmulier
1713 4538 1783 4584 nato

133 4648 207 4703 stus,
223 4637 322 4709 ingerit.
344 4650 490 4707 resurgens
503 4649 519 4689 a
534 4634 650 4688 mortuis
671 4632 727 4703 jam
742 4648 796 4688 non
809 4633 931 4688 moritur
981 4632 1010 4686 in
1028 4630 1101 4687 buno
1118 4630 1251 4685 mundum
1268 4629 1379 4684 bomine
1398 4627 1515 4690 laetatur,
1526 4627 1563 4681 ita
1580 4624 1699 4681 Ecclesia
1712 4632 1777 4679 nato

133 4730 289 4803 (Rumor).
308 4748 318 4781 v
982 4722 1010 4778 in
1027 4725 1110 4779 vitam
1126 4724 1247 4779 suturam
1263 4722 1364 4792 populo
1383 4720 1568 4777 exsrrltatione
1580 4718 1708 4787 repletur.
1721 4713 1783 4771 Pro.

172 4842 183 4874 r
201 4820 236 4875 Et
249 4836 300 4876 vos
317 4835 390 4875 nnnc
404 4818 512 4891 qrridcm
526 4816 664 4873 tristitiam
694 4817 811 4883 habetis,
832 4816 930 4870 iterum
981 4834 1035 4888 qua
1061 4817 1200 4873 nativitate
1216 4816 1332 4871 multum
1356 4816 1484 4870 laborans
1498 4820 1526 4868 et
1540 4826 1651 4885 gemens
1662 4810 1690 4865 in
1704 4822 1779 4879 praa·¹

130 4925 228 4972 autem
244 4913 340 4969 ridebo
357 4928 417 4979 vos,
430 4919 457 4966 et
470 4909 599 4983 gaudebit
612 4926 660 4965 cor
671 4920 803 4965 vestrum.
819 4908 852 4963 Et
863 4926 931 4981 ίὅρη·
982 4910 1052 4964 senti
1078 4908 1156 4979 qnasi
1185 4906 1341 4979 parturiens
1365 4906 1447 4961 dolet.
1474 4904 1530 4961 blec
1555 4918 1655 4961 novum
1675 4902 1780 4973 cuique

131 5008 211 5064 dium
237 5012 359 5061 vestrum
381 5017 462 5058 nemo
478 5001 553 5057 tollet
566 5016 581 5055 a
594 5000 683 5056 uobis.
704 5020 713 5052 v
734 4999 867 5055 llominus
882 5016 926 5053 en·
981 5002 1092 5055 deberet
1110 5000 1208 5066 videri,
1237 5000 1357 5055 sinatus
1385 4999 1494 5054 dicatur
1516 4998 1564 5068 qni
1585 5013 1620 5054 ex
1641 4998 1694 5052 bac
1718 4996 1779 5055 vita,

130 5099 214 5172 ponit
236 5097 394 5171 paradigma
410 5094 482 5165 guod
512 5095 545 5149 de
566 5093 679 5149 muliere
699 5093 852 5163 proposuit.
869 5090 931 5147 Tri·
982 5090 1155 5163 migraverit.
1184 5090 1326 5157 Quomodo
1341 5091 1413 5145 enim
1428 5089 1504 5147 nasei
1520 5089 1620 5147 dicitur
1635 5104 1696 5145 eum
1710 5087 1775 5159 quia

131 5193 242 5250 stitiam
261 5190 335 5244 enim
369 5186 526 5243 babuerunt
550 5185 668 5257 apostoli
695 5200 778 5255 passo
803 5183 931 5250 Durnino,
981 5182 1015 5239 de
1035 5190 1112 5238 utero
1132 5182 1228 5239 matris
1249 5182 1396 5253 egreditur,
1416 5182 1453 5236 ita
1475 5182 1557 5237 etiam
1582 5189 1671 5251 potest
1691 5188 1774 5235 natus

130 5286 182 5343 sod
202 5290 314 5356 peracta
342 5280 552 5337 resurrectionis
577 5278 767 5351 gloriagarisi
797 5279 933 5331 suntviso
982 5275 1123 5346 appellari,
1140 5275 1186 5345 ord
1212 5274 1319 5330 solutus
1343 5290 1358 5329 a
1379 5274 1498 5330 rinenlis
1522 5273 1614 5329 carnis
1632 5272 1666 5326 ad
1684 5272 1773 5326 lucem

129 5378 266 5435 Domino.
294 5374 328 5428 Et
346 5374 476 5445 gaudium
502 5388 600 5427 corum
625 5386 679 5426 nou
703 5370 807 5425 tollitur
823 5368 858 5423 ab
881 5368 931 5434 eis,
982 5368 1148 5425 sublimatur
1168 5376 1309 5422 aeternam.
1322 5364 1399 5422 Unde
1413 5382 1473 5423 mos
1485 5364 1688 5421 ecclesiasticus
1702 5362 1774 5417 obti-

128 5473 211 5543 quia,
225 5480 253 5525 et
267 5468 291 5525 si
308 5466 480 5539 postmodum
493 5463 694 5535 persecutiones
705 5478 755 5534 pro
766 5461 867 5517 Christi
882 5476 932 5516 no-
983 5450 1044 5516 nuit
1066 5469 1095 5515 nt
1118 5460 1177 5515 dies
1193 5467 1343 5530 martyrum
1373 5458 1431 5513 sire
1457 5455 1646 5513 conlessorum
1659 5451 1772 5523 Cbristi,

129 5567 212 5622 nrine
225 5578 259 5618 ac
273 5568 411 5619 tormenta
435 5558 508 5631 passi
533 5566 607 5623 sont,
628 5572 676 5627 spe
694 5566 784 5612 misnen
808 5571 934 5610 resurre-
983 5555 1011 5609 in
1040 5552 1187 5625 qrribusdo
1207 5550 1308 5607 saeculo
1337 5551 1513 5613 transierunt,
1543 5544 1653 5601 Natales
1669 5545 1773 5600 recita·

127 5658 237 5716 ctionis
260 5666 288 5711 rt
311 5653 424 5709 visionis
446 5652 520 5708 illius
544 5650 668 5718 areensi,
683 5650 798 5705 libenter
818 5648 932 5703 adversa
982 5660 1056 5710 mus,
1077 5657 1227 5713 eorumque
1250 5642 1383 5697 solemnia
1409 5654 1463 5694 non
1480 5636 1615 5703 funebria,
1634 5634 1680 5691 sed
1696 5640 1775 5691 trata·

126 5766 253 5815 ouaeune
269 5747 403 5812 serebant,
422 5746 478 5803 itno
501 5743 631 5815 gaudium
654 5742 846 5799 existimabant
869 5758 932 5797 rum
981 5736 1039 5793 litia
1053 5734 1187 5791 dicantur.
1205 5732 1355 5806 Scottitur:
