4017 6342
271 302 326 361 itt
845 292 1008 353 whsbbitt
1026 290 1172 349 abbans
1189 291 1219 349 S.
1236 290 1347 349 ubisit
1810 310 1850 369 m

269 418 335 489 eius
361 423 546 495 operationem
570 430 637 473 earo
656 413 759 473 christi
781 414 816 469 de
838 426 923 469 carne
944 406 1298 481 Virginisisubstantiam
1322 409 1414 466 carnia
1439 410 1609 477 ministrans,
1633 414 1727 471 carnali
1750 428 1853 497 menig.

271 510 451 579 lormaretnr,
473 520 501 566 ct
522 509 608 565 virtrrs
629 505 762 563 hltissimi
783 502 960 560 obumbravit
979 500 1005 557 ei
1028 513 1065 557 ne
1117 499 1221 557 scentia
1234 507 1370 557 ureretur.

714 784 776 873 IN
814 778 1181 873 nativitati.
1218 776 1460 872 bomini.

911 971 1096 1035 Secundum
1118 972 1248 1033 Lucam.

312 1163 323 1198 ι
338 1142 411 1199 Exiit
424 1143 576 1199 edictuma
600 1138 708 1196 Cassam
723 1139 858 1210 augusto,
879 1143 910 1191 ιιι
929 1134 1067 1191 describe-
1118 1146 1184 1187 sues
1198 1131 1329 1187 scriberet
1341 1130 1539 1187 insumimus.
1554 1130 1614 1198 Qun
1624 1144 1713 1193 eontra
1724 1137 1856 1213 dercprniii

271 1242 351 1293 retum
372 1235 518 1291 universus
540 1231 636 1297 orbis,
667 1249 679 1283 ι
704 1238 757 1285 etc.
783 1227 860 1296 (Luc.
883 1226 927 1297 n.)
956 1222 1064 1298 [Brenn]
1117 1222 1235 1277 dicitur:
1252 1239 1261 1273 ι
1276 1219 1467 1277 Delemrlurde
1483 1222 1553 1277 libro
1564 1222 1813 1298 viventiumerppm
1822 1241 1857 1309 ju,

270 1321 357 1383 Juxta
381 1323 462 1379 iidem
482 1321 670 1386 historiarum,
694 1328 769 1375 tanta
784 1333 852 1388 pace
873 1316 996 1387 regnavit
1011 1314 1067 1369 hu·
1118 1314 1168 1373 stis
1180 1329 1234 1369 nun
1250 1312 1405 1369 scribantur
1417 1311 1504 1384 (Ptol.
1520 1315 1625 1386 ιιιιιι).

273 1414 464 1491 gustusannlr
478 1411 622 1469 duodecim
639 1410 712 1466 circa
730 1408 999 1479 ternpnslioruinicae
1015 1421 1059 1460 na·
1152 1404 1423 1461 Fsctnmestantem
1448 1419 1510 1459 eum
1530 1414 1623 1461 essent
1642 1408 1688 1477 ibi,
1705 1411 1794 1486 impleti
1811 1436 1859 1481 snut
1953 1457 1954 1491 i

275 1508 401 1574 tivitatis,
415 1513 444 1562 ut
460 1514 515 1561 tam
526 1503 669 1561 forinsecis
683 1517 765 1573 quam
778 1502 905 1557 civilibus
915 1500 994 1554 bellis
1008 1505 1067 1553 toto
1117 1493 1177 1551 dies
1187 1502 1217 1549 nt
1234 1502 1350 1563 pareret,
1361 1501 1389 1548 et
1408 1494 1513 1565 pcpcrit
1526 1495 1612 1550 lilium
1627 1512 1702 1556 suum
1715 1517 1859 1583 praemogeni-

274 1599 343 1654 orbe
353 1598 460 1669 sopitis,
472 1605 500 1651 et
510 1596 544 1651 ad
555 1596 673 1650 litteram
686 1592 849 1663 completum
860 1591 985 1645 videatur
996 1588 1064 1645 illud
1079 1574 1101 1631 Β
1116 1591 1185 1639 ιιιιιι.
1216 1582 1323 1654 (Brun.)
1349 1582 1430 1649 Bene,
1455 1592 1513 1641 tum
1533 1595 1644 1659 propter
1662 1590 1777 1661 judicium
1793 1614 1860 1659 stem-

274 1689 465 1761 propheticum
481 1706 489 1743 ε
511 1686 677 1742 Conbabunt
698 1684 805 1755 gladios
830 1682 859 1736 in
882 1695 1017 1746 vomeres,
1038 1689 1066 1736 et
1116 1674 1368 1745 municissimum
1387 1685 1496 1745 propter
1508 1678 1629 1734 nominis
1641 1695 1738 1739 sacrum
1756 1688 1861 1751 boninus

274 1782 386 1837 lanceas
401 1778 430 1833 in
448 1777 543 1833 lalces.
558 1774 620 1833 lion
641 1776 742 1832 levabit
756 1790 822 1845 gens
840 1782 936 1831 contra
958 1782 1066 1844 gentem
1116 1764 1144 1820 in
1159 1765 1316 1821 Bethlehem
1335 1766 1476 1823 nascitur:
1491 1765 1648 1827 Bethlehem
1666 1788 1769 1847 namque
1789 1784 1860 1841 donar

273 1871 397 1943 gbvlium
423 1867 493 1939 (len.
521 1868 563 1939 n).
586 1884 597 1920 ι
624 1866 804 1922 pacatissimo
828 1873 918 1921 autern
945 1872 1068 1934 tenrpore
1116 1856 1193 1928 uadit
1206 1857 1407 1927 interpretatur.
1426 1857 1658 1927 (circumcisum
1679 1864 1711 1921 ibi
1730 1872 1862 1938 panisrivus

276 1962 401 2019 nascitur
414 1960 551 2027 Christus,
563 1957 637 2030 quod
652 1956 725 2013 Deras
744 1966 804 2013 erat
817 1956 845 2009 in
861 1956 972 2012 Christo
984 1972 1066 2012 mun-
1116 1946 1163 2017 qui
1176 1948 1209 2003 de
1222 1948 1292 2004 eoelo
1305 1946 1446 2005 deseendit
1460 1960 1572 2021 apparet
1589 1953 1617 2007 in
1631 1968 1717 2025 cartre,
1731 1961 1771 2029 qni
1787 1964 1862 2021 electo-

273 2054 342 2111 dum
358 2052 539 2110 reconcilians
554 2050 608 2107 sibi
630 2048 675 2124 (ll
690 2047 803 2121 δοκι).
822 2049 885 2105 ilaec
908 2056 1000 2122 ltaque
1015 2066 1067 2120 poa
1117 2054 1179 2095 rum
1208 2046 1312 2096 menies
1342 2040 1448 2105 iuterna
1470 2042 1596 2101 reficiens
1622 2047 1747 2105 satietate.
1768 2052 1864 2118 bucinis

274 2158 361 2217 quam
375 2142 440 2199 iecit
460 2140 601 2213 Augustus
615 2141 785 2211 signiticabat
799 2158 892 2212 pacem
912 2157 994 2213 quiam
1010 2140 1067 2197 iis.
1118 2128 1250 2186 Dominus
1274 2129 1302 2185 in
1316 2127 1452 2187 Nazareth
1475 2134 1640 2205 concipitur,
1654 2148 1681 2192 et
1699 2137 1724 2194 in
1742 2139 1862 2203 Bethlebmr
1954 2140 1955 2153 ²

274 2236 366 2293 gigig„
380 2243 474 2290 „ow
497 2232 621 2289 iscium
635 2241 706 2298 emi,
728 2241 756 2287 ει
770 2248 819 2303 per
835 2248 865 2287 sp
879 2242 907 2288 (ιι
923 2249 971 2303 pp.-
984 2233 1068 2288 gisez.
1117 2220 1251 2290 nascitur,
1268 2236 1331 2276 cum
1352 2221 1467 2292 quilibet
1489 2220 1577 2281 hdclis
1599 2228 1672 2283 verbi
1685 2228 1746 2287 bore
1768 2248 1865 2307 suscepto
1954 2266 1955 2299 i

276 2322 360 2398 pubis
373 2322 446 2377 inter
460 2319 547 2377 ileum
561 2328 591 2375 et
606 2320 742 2376 homines.
755 2318 945 2391 Opportunum
959 2334 1069 2392 qnoque
1117 2310 1229 2366 domum
1242 2325 1272 2367 se
1288 2318 1397 2367 reterns
1418 2310 1494 2381 pacis
1510 2313 1603 2371 efficit.
1619 2315 1721 2392 (Brun.)
1734 2320 1835 2389 Quotidie
1844 2328 1864 2383 in

275 2414 340 2483 luit,
356 2420 386 2469 ut
400 2411 540 2468 tremenda
553 2409 669 2466 iioruani
693 2413 815 2468 nominis
826 2414 923 2467 umbra
943 2422 1067 2484 protege·
1117 2402 1211 2459 11111110
1229 2402 1396 2459 “edentium
1409 2404 1528 2473 (11119ῑῦ
1542 2409 1748 2483 1110101111111111
1760 2416 1866 2484 peridem

275 2515 373 2566 natur
386 2504 516 2575 discipuli
531 2518 696 2575 quocunque
711 2503 744 2558 ad
762 2503 964 2573 praedicandum
980 2514 1070 2561 rim.
1117 2494 1281 2566 concipitur,
1291 2510 1340 2567 per
1350 2496 1484 2567 baptisma
1497 2497 1631 2571 gignitur.
1651 2500 1765 2569 Quotidie
1775 2506 1867 2563 telesia

276 2600 359 2659 irent.
388 2596 458 2653 Nam
487 2596 594 2653 sicuta
621 2594 731 2652 Caesare
751 2595 911 2667 exigebatur
932 2596 1069 2667 professio
1118 2585 1542 2658 qrrasilleiGentirixcomitatur
1556 2606 1640 2647 suum
1655 2594 1868 2665 ductoremutila·

277 2704 379 2745 cenam
399 2689 435 2745 ab
455 2685 742 2753 uuiremuthensis
763 2700 779 2740 a
802 2684 914 2741 Christo
937 2686 1069 2758 exigentia
1120 2676 1160 2731 lii
1173 2674 1275 2748 tosepb
1287 2678 1321 2733 ¹¹⁰
1335 2678 1416 2735 '¹¹5⁰‘
1438 2681 1585 2737 mundissae
1604 2686 1869 2759 ⁰⁰¹¹Vif⁸²fi⁰¹¹5⁵ll⁰i

277 2789 338 2838 crat
364 2780 428 2835 ndei
450 2778 587 2851 professio
609 2778 638 2833 in
659 2785 719 2833 toto
739 2777 853 2832 mundo.
871 2774 950 2831 Unde
978 2777 1067 2833 illud:
1119 2769 1231 2827 dalitaea
1244 2780 1336 2838 tonat,
1349 2774 1501 2831 ascendens
1516 2776 1543 2830 in
1565 2776 1708 2835 civitatem
1726 2778 1795 2847 luda,
1807 2780 1872 2839 idest

279 2890 291 2924 a
310 2870 414 2927 Eum
429 2871 458 2927 in
478 2870 612 2926 mundum
629 2868 789 2925 unigenum
811 2867 957 2939 „appears
979 2866 1069 2923 Epiri.
1082 2902 1104 2961 ο
1120 2858 1301 2918 consessionis
1314 2870 1341 2919 et
1357 2862 1457 2933 laudis,
1472 2873 1636 2939 eternoque
1647 2866 1871 2942 liegieensumper·

277 2964 378 3041 gellam
390 2962 466 3018 omni
481 2970 615 3017 creatura
626 2958 724 3031 (Nare.
738 2958 807 3031 avr).
821 2975 834 3010 ι
1120 2952 1199 3009 solvit
1211 2953 1376 3012 devotionis.
1391 2955 1458 3023 Qum
1472 2956 1595 3016 Ecclesia
1610 2960 1643 3017 in
1659 2964 1798 3034 exemplum
1809 2964 1873 3021 beata

313 3053 377 3112 flu
399 3053 548 3124 mimi„
565 3051 654 3123 prim,
676 3050 747 3107 [πῃ
761 3059 804 3107 ,gg
823 3065 840 3107 ῃ
858 3050 974 3123 pmice
985 3050 1072 3123 Syr-ip
1119 3044 1221 3115 llarise,
1237 3047 1283 3103 alii
1294 3050 1427 3121 estquasi
1447 3051 1630 3123 desponsata,
1642 3055 1689 3113 sed
1701 3056 1733 3113 ab
1745 3056 1792 3113 alic
1803 3056 1875 3115 lecan-

277 3145 391 3219 cyrino,
409 3163 418 3197 ι
434 3144 468 3199 iit
478 3146 553 3201 ibant
566 3158 663 3199 omnes
680 3151 712 3198 ut
724 3142 917 3213 proliterentur
929 3142 1029 3214 singuli
1042 3144 1071 3199 in
1120 3139 1194 3209 data,
1208 3140 1273 3198 dum
1284 3140 1376 3215 jungit
1389 3142 1510 3213 pontillei
1523 3148 1670 3217 proposito
1683 3147 1741 3216 sibi,
1752 3149 1792 3207 scd
1801 3164 1876 3207 titut-

277 3253 359 3295 tuam
369 3237 517 3328 civitatem.
534 3253 544 3289 ι
560 3231 772 3304 Necdeacriptio
779 3233 868 3305 prima
875 3233 976 3289 dicitur
983 3249 1071 3305 quan-
1120 3230 1192 3289 latur
1211 3233 1313 3291 virtute
1326 3232 1446 3306 Spiritus
1461 3238 1558 3293 sancti.
1576 3236 1642 3295 Und
1659 3240 1726 3296 bene
1741 3238 1827 3309 toseph
1838 3256 1876 3293 ιι-

278 3340 339 3387 ιιιιιι
354 3331 390 3387 ad
410 3339 518 3400 tempm
531 3326 646 3399 Cyrini5
661 3341 725 3381 nam
740 3334 822 3382 antea
843 3340 915 3396 sape
928 3325 1071 3396 descripta
1120 3332 1178 3380 ctus
1190 3324 1394 3398 interpretatur,
1406 3326 1531 3385 indicans
1543 3330 1582 3385 nil
1591 3330 1686 3389 valere
1700 3330 1877 3387 instantiamlo
1956 3336 1957 3339 ’

278 3420 391 3483 luerunt
406 3422 544 3495 pleraque
560 3428 652 3494 partes
674 3427 820 3477 terrarum.
837 3415 955 3494 cyrinus
976 3415 1073 3478 aco·
1120 3416 1230 3493 quentis
1245 3416 1369 3495 magistri
1382 3420 1442 3481 siue
1455 3428 1604 3497 augmento
1621 3422 1732 3498 superui
1750 3421 1876 3498 insanius

224 3583 227 3591 ,
279 3534 343 3577 sare
364 3518 467 3573 missus
486 3518 534 3588 jus
552 3517 770 3588 darcgeotibns,
784 3523 924 3573 etrreusor
940 3516 1073 3586 patrimo·
1121 3512 1207 3569 Natus
1226 3514 1318 3585 ltaque
1332 3515 1466 3572 Dominus
1485 3520 1694 3575 estseeundum
1711 3522 1879 3583 carnemdtu

279 3613 390 3669 nicrum
403 3609 514 3665 iuturus
528 3606 635 3675 Suriam
651 3608 735 3665 uenit.
752 3606 787 3663 lit
802 3609 868 3681 qnia
881 3606 974 3665 iudea
989 3608 1071 3680 quasi
1121 3606 1272 3663 secundum
1287 3607 1414 3679 spiritum
1429 3610 1559 3667 nasceris
1575 3608 1658 3679 Quod
1669 3612 1741 3667 enim
1754 3621 1881 3667 concavo·

280 3702 429 3758 umbilicus
442 3698 528 3755 totius
550 3706 696 3769 turraest,
713 3715 814 3758 census
832 3700 952 3771 primum
971 3700 1000 3757 in
1013 3714 1072 3757 me·
1121 3693 1329 3755 luntatecurnis
1345 3699 1408 3767 viri,
1421 3698 1469 3757 scd
1483 3716 1516 3757 ea
1531 3698 1637 3775 Spiritu
1651 3710 1744 3759 sancto
1760 3709 1828 3757 natm
1840 3705 1880 3763 cst,

280 3794 328 3850 dio
341 3799 422 3847 terra
451 3792 580 3863 exigitur,
593 3798 625 3847 nt
647 3792 712 3848 inde
728 3800 823 3863 postea
842 3806 932 3863 nsque
950 3794 986 3851 ari
1002 3793 1072 3851 fines
1121 3788 1325 3862 generationem
1345 3790 1473 3862 signavit,
1497 3808 1580 3863 cuam
1601 3794 1701 3865 utique
1722 3793 1882 3861 daturusuat

281 3886 359 3943 orbis
390 3884 556 3955 reurriratur.
578 3882 630 3939 liic
662 3884 782 3955 primum
797 3883 878 3955 ,laeta
904 3894 946 3941 eat
980 3883 1071 3942 'udaea
1120 3896 1155 3939 ex
1171 3879 1283 3952 Spiritu.

282 3977 460 4049 stipendiaria
471 3975 620 4042 Romamn
632 3975 783 4046 imperante
799 3976 924 4047 Augusto
933 3984 961 4032 et
974 3976 1072 4046 praesi-
1159 3989 1169 4025 ι
1184 3970 1218 4027 Et
1228 3973 1327 4043 pannis
1346 3988 1409 4029 eum
1430 3974 1555 4043 involvit,
1569 3986 1597 4034 et
1612 3977 1756 4037 reclinavit
1769 3977 1793 4031 in
1806 3987 1884 4045 pranso

281 4072 364 4127 ιιοιιιο
396 4067 499 4140 cyrino
523 4067 600 4123 ibant
622 4081 720 4123 omlnes
742 4067 777 4123 ad
796 4068 1019 4137 descriptionem,
1042 4080 1073 4125 ut
1121 4062 1166 4133 pio
1177 4064 1240 4134 quia
1252 4078 1308 4120 non
1321 4073 1380 4121 erat
1393 4066 1419 4122 ei
1431 4067 1507 4123 loeus
1525 4068 1553 4124 in
1566 4070 1732 4127 diversorio.
1751 4065 1827 4123 alicu
1840 4071 1884 4121 crat

282 4158 427 4230 singuliis
446 4174 524 4214 suam
538 4157 676 4214 civitatem
693 4158 796 4214 reversi
810 4160 1005 4228 proicerentur
1024 4159 1072 4215 de·
1121 4154 1198 4211 locus
1212 4156 1240 4211 in
1256 4156 1418 4213 diversorio.
1433 4156 1497 4214 Erat
1510 4161 1583 4215 enim
1605 4160 1797 4219 difficillimum
1808 4173 1886 4214 samn-

283 4250 371 4307 bitum
385 4265 496 4307 census.
514 4246 561 4306 Sic
579 4264 645 4320 ergo
658 4264 733 4305 nunc
748 4258 900 4320 imperante
920 4249 1032 4306 Christo
1046 4258 1073 4307 et
1086 4249 1111 4309 b
1124 4254 1165 4303 les
1179 4247 1298 4317 reperite
1310 4246 1407 4305 domos
1421 4260 1532 4320 propter
1545 4261 1715 4309 conuentum
1733 4268 1765 4309 ac
1782 4250 1885 4321 iuuatu-

283 4341 398 4413 praemlo
410 4342 566 4411 pollicente,
586 4356 635 4411 per
655 4342 782 4399 doctores
795 4340 925 4399 Ecclesiae
943 4343 1073 4414 praesides
1122 4337 1187 4393 tiam
1199 4337 1355 4394 ludaeorum
1373 4354 1444 4410 quos
1463 4340 1490 4395 in
1508 4358 1591 4397 unum
1611 4344 1712 4400 eadem
1730 4353 1791 4400 tunc
1807 4336 1890 4397 deseri·

283 4433 520 4504 oensumjnstitiae
533 4434 722 4504 profiteamur,
739 4434 909 4506 jugumejus
926 4436 1001 4507 quoii
1016 4436 1074 4491 iens
1123 4428 1224 4498 ptionis
1239 4444 1323 4485 canusa
1335 4430 1489 4502 eollegerat.
1504 4429 1698 4507 (Graecumue.)
1713 4432 1765 4503 Qui
1781 4430 1889 4487 mundum

284 4534 328 4583 est
338 4526 497 4592 subeamus,
507 4533 535 4580 et
545 4524 717 4582 inveniemus
727 4527 850 4596 requiem
865 4527 1010 4583 animabus
1024 4542 1075 4583 no-
1124 4518 1199 4572 vario
1212 4519 1293 4573 vestit
1305 4527 1413 4585 ornatu,
1427 4518 1528 4575 vilibus
1548 4520 1689 4591 induitur,
1705 4534 1736 4578 nt
1750 4520 1838 4579 stolam
1850 4518 1892 4570 im·

211 4662 219 4675 .
285 4613 473 4686 atrislflottb.
495 4614 546 4685 at).
567 4614 670 4671 Casan
692 4615 849 4671 solvebatur
865 4617 1007 4684 denarius,
1027 4618 1075 4689 qui
1124 4608 1300 4665 mihimilli
1324 4610 1519 4679 millesimi·
1547 4608 1646 4669 uanus
1671 4614 1808 4685 pedesque
1831 4606 1893 4663 ⁶⁰¹¹ss

285 4708 381 4767 dgoem
401 4722 531 4763 nummos
544 4706 677 4775 habeb&
697 4707 746 4777 qui
757 4708 840 4763 eiiam
856 4710 967 4765 nomine
984 4709 1076 4765 Caesg.
1124 4700 1323 4772 asil'illgilnllll',
1341 4710 1372 4757 ttl
1384 4710 1484 4759 11081133
1498 4718 1597 4759 manus
1613 4706 1648 4760 ad
1665 4705 1739 4763 bene
1753 4706 1896 4775 operandum

287 4800 327 4857 ris
339 4800 509 4857 titulabatur.
524 4798 559 4855 lit
578 4814 630 4855 nos
644 4798 793 4856 oderamus
810 4801 867 4873 regi
883 4808 978 4855 nostro
991 4799 1076 4857 Deca-
1125 4795 1261 4866 pedesque
1279 4794 1307 4849 in
1320 4796 1393 4849 viam
1404 4796 1479 4865 pacis
1494 4795 1659 4868 dirigantur.
1683 4796 1714 4853 1ιι
1727 4800 1851 4869 praesepio
1862 4806 1897 4845 re·

287 4888 383 4961 logum
398 4888 464 4959 legis
479 4890 507 4944 in
520 4904 578 4961 quo
591 4890 697 4947 vultum
711 4892 794 4962 regis,
809 4890 838 4946 id
854 4898 897 4947 est
908 4892 1075 4962 agnitionem
1125 4889 1243 4945 clinatur
1255 4888 1387 4961 utfrdeles
1400 4902 1507 4954 omnes,
1521 4900 1615 4946 sancta
1632 4890 1767 4947 videlicet
1780 4884 1900 4949 animalia,

287 4978 411 5035 veritatis
422 4980 482 5048 ejus
496 4980 689 5037 inveniemus:
1126 4982 1218 5037 carnis
1233 4996 1290 5037 suae
1304 4980 1442 5037 irumento
1456 4980 1581 5036 reliceret
1594 4980 1641 5051 qrri
1656 4982 1742 5051 panis
1756 4990 1798 5036 est
1810 4975 1901 5047 angele

327 5086 338 5121 ι
355 5067 486 5124 Ascendit
503 5079 595 5126 antem
617 5070 720 5142 loseph
740 5087 757 5129 a
778 5072 888 5128 Galilaea
911 5072 945 5130 dc
967 5073 1077 5131 civitate
1128 5086 1199 5127 rum.
1215 5070 1244 5126 ln
1258 5080 1374 5142 angusto
1388 5070 1502 5143 praesepi
1518 5074 1679 5127 continetur
1694 5081 1728 5128 ιιι
1738 5086 1792 5127 nos
1803 5084 1845 5143 per
1860 5078 1901 5120 ee·

288 5154 426 5215 Nazareth
443 5158 472 5214 iu
485 5158 600 5218 Judeam
614 5162 643 5217 in
657 5164 794 5219 ciuitatem
817 5162 902 5219 David
920 5180 982 5237 quse
994 5182 1079 5222 voca·
1127 5163 1205 5219 lestis
1219 5162 1295 5234 regni
1312 5164 1411 5234 gaudia
1426 5162 1531 5219 dilatet.
1552 5162 1611 5219 lton
1633 5164 1665 5218 in
1679 5164 1768 5219 domo
1780 5168 1903 5233 parentum

289 5261 337 5308 tur
357 5248 526 5317 bethlehem,
546 5266 580 5307 eo
593 5252 668 5324 quod
688 5260 762 5309 esset
778 5252 909 5309 dedomo
928 5262 956 5310 et
974 5253 1077 5312 lamilia
1129 5262 1210 5309 natus
1225 5259 1269 5309 est
1286 5250 1429 5321 Dominus,
1442 5262 1473 5309 ut
1491 5254 1646 5311 ostenderet
1659 5253 1799 5325 quiapcr
1812 5246 1905 5305 lrnmili-

291 5340 388 5409 bavid,
403 5348 436 5396 ut
455 5340 629 5413 prodieretur
643 5357 709 5399 cam
732 5342 817 5400 tlarm
839 5343 1004 5416 desponsata
1026 5346 1078 5403 sibl
1128 5357 1211 5405 tatem
1231 5356 1398 5418 assumptam
1412 5347 1492 5419 quasi
1506 5347 1535 5403 in
1554 5347 1644 5403 aliene
1670 5356 1852 5413 nascebatur,
1864 5352 1907 5393 ¹1⁰n

291 5441 553 5503 uxorepraegaaote.
568 5451 578 5487 ι
592 5431 770 5508 (Gastoarus)
789 5436 885 5492 rdlibi
895 5437 1003 5509 corumpi
1014 5436 1080 5494 alibi
1129 5436 1279 5497 secundum
1292 5444 1465 5508 potestatem,
1485 5437 1534 5493 sed
1552 5436 1709 5494 secundum
1728 5444 1856 5492 naturam
1868 5428 1908 5485 ht·

292 5522 368 5579 nasei
381 5522 467 5578 voluit
484 5520 638 5589 Dominus,
649 5532 682 5580 ιιι
698 5524 856 5582 insidiantia
869 5524 986 5583 llerodis
999 5526 1079 5583 luro-
1130 5531 1280 5589 snarnitatis.
1302 5529 1370 5587 Nam
1391 5531 1425 5589 de
1446 5538 1580 5603 potestate
1596 5531 1658 5603 ejus
1677 5532 1820 5603 scriptum
1839 5522 1911 5582 estin

294 5625 351 5665 rem
371 5608 480 5667 lacilim
500 5612 636 5669 evadmet.
659 5611 806 5672 llascituro
824 5612 943 5671 Domino
958 5617 1079 5673 mundus
1131 5624 1310 5694 prophetat«
1328 5622 1362 5681 tit
1378 5622 1545 5697 qaiaonmb
1556 5638 1620 5681 earo
1632 5618 1737 5679 lenum
1752 5620 1825 5695 (ltu.
1839 5614 1910 5684 aabl

294 5696 467 5796 deferimur·
478 5704 543 5775 tuit
554 5704 759 5776 illucescebat
774 5705 803 5763 br
815 5720 900 5765 earne
914 5708 962 5779 qui
975 5709 1080 5765 emotus
1134 5714 1222 5769 lactus
1240 5715 1322 5771 trumo
1345 5714 1426 5772 Deus.
1454 5714 1558 5773 Ferrum
1577 5722 1710 5771 nmtrum
1725 5712 1853 5771 vertitis
1867 5708 1915 5763 irr-
