4017 6342
286 250 352 304 roca
837 246 1000 303 wunsam
1021 246 1168 305 tonans
1187 249 1217 307 s.
1237 248 1348 305 nmsu
1845 262 1898 322 ne,

281 365 344 435 gula
359 379 409 437 per
421 367 546 421 ordinem
560 362 738 435 explicemus.
756 360 891 433 Superbia
902 379 1021 436 namque
1032 373 1075 419 est
1087 368 1112 425 Α
1125 363 1174 431 ιιι,
1200 379 1261 435 quae
1283 365 1448 439 flagellatum
1474 369 1564 439 ejicit,
1591 370 1656 442 quia
1680 370 1791 428 interno
1818 379 1900 438 gautlio
1978 389 1979 398 ¹

281 468 361 511 antor
384 455 500 526 propriae
529 453 705 523 excellentiae,
728 454 838 525 quando
863 470 941 511 mens
968 456 1073 510 bonum
1124 456 1249 525 amisso,
1275 454 1344 515 foris
1376 460 1590 515 consolationem
1619 477 1743 533 quaerere
1767 468 1898 529 compellit
1978 499 1979 508 .

280 546 354 617 quod
371 545 455 601 babet
469 544 645 613 singulariter
660 546 760 617 diligit,
773 546 800 601 id
815 554 857 602 est
872 547 931 605 sine
942 562 974 603 ea
988 564 1002 601 a
1017 563 1072 618 quo
1122 548 1220 606 Postea
1237 550 1342 606 accedit
1353 553 1426 622 gula,
1439 568 1500 621 quae
1514 554 1632 624 ejectum
1641 555 1763 623 seducit,
1780 559 1901 625 quiatni-
1978 521 1979 578 ¹

278 636 383 694 bouum
408 636 522 707 acecpit.
542 634 564 691 0
581 638 708 707 superbia
730 637 871 708 pestilera,
894 638 959 709 quid
984 638 1072 707 agis?
1122 656 1199 697 munt
1211 642 1395 699 exterioribus
1408 643 1570 711 inhiantem,
1596 645 1650 701 boc
1664 646 1763 701 titium
1777 647 1804 702 in
1818 650 1899 719 prinis

277 728 334 785 Cur
347 728 447 785 suades
462 729 552 785 rivulo
563 737 595 784 ιι
609 744 665 785 sea
680 728 753 785 fonte
764 730 886 787 dividat?
901 730 958 787 Cur
971 732 1071 787 suades
1121 736 1202 803 quasi
1212 733 1304 790 ricino
1315 742 1424 789 tentans
1435 750 1483 805 per
1494 736 1584 806 ipsum
1597 737 1753 792 naturalem
1766 741 1899 810 appetitum

278 822 357 878 radio
368 829 399 877 ut
411 837 440 877 se
454 840 469 877 a
484 822 543 878 sole
555 830 642 878 vertat
657 822 669 875 f
683 820 756 878 Cur?
768 823 822 879 nisi
837 831 866 878 ut
882 822 938 891 ille,
950 822 1016 878 dum
1028 824 1071 877 in·
1122 825 1158 880 ad
1169 824 1309 881 excelsum
1325 823 1412 880 illicit.
1429 823 1572 880 Postremo
1587 827 1785 897 superveniens
1795 829 1898 899 luxoria,

277 912 356 969 fundi
366 912 477 981 desinit,
491 923 609 980 arescat,
621 923 648 969 et
658 914 720 983 iste,
733 915 798 969 dum
811 914 845 970 ab
858 913 1030 971 illuminante
1040 930 1071 970 se
1121 916 1331 987 quaeseductum
1343 914 1475 972 violenter
1484 916 1608 973 servituti
1621 918 1898 990 subjicit,quia,post-

276 1008 389 1072 avertit,
406 1005 569 1063 tenebrosus
592 1005 661 1073 tiat;
680 1016 795 1077 uterquc
817 1021 893 1073 tero,
914 1006 979 1061 dum
998 1006 1071 1062 acci·
1121 1021 1205 1077 quam
1217 1023 1283 1064 caro
1304 1023 1354 1079 per
1368 1008 1510 1078 crapulam
1528 1006 1698 1064 inflammata
1709 1020 1763 1077 est,
1785 1010 1896 1067 ardorem

275 1113 341 1169 pere
354 1106 445 1155 cessat
463 1097 490 1153 id
512 1098 586 1169 qood
604 1098 720 1155 necdum
746 1098 838 1161 babet,
855 1102 986 1154 continuo
1001 1098 1069 1154 illud
1120 1099 1244 1156 libidinis
1266 1100 1502 1171 supervenientem
1519 1101 1658 1156 emollitur
1677 1109 1761 1172 atque
1779 1105 1898 1160 etterriter
1978 1089 1979 1154 l

274 1190 358 1247 etiam
369 1190 444 1263 quod
462 1191 545 1247 babet
559 1191 676 1247 amittat.
690 1191 748 1247 lloc
761 1189 883 1263 profecto
897 1202 984 1248 tutum
999 1192 1068 1265 agis,
1120 1192 1259 1249 resolutus
1270 1194 1380 1248 animus
1400 1192 1510 1248 sincere
1534 1207 1589 1247 non
1604 1200 1706 1262 potest.
1728 1193 1820 1248 Serrit
1832 1194 1899 1265 igitur
1978 1167 1979 1228 Ῑ

275 1297 340 1339 eum
357 1282 439 1339 doces
461 1282 564 1339 donum
588 1291 664 1338 extra
683 1283 806 1339 datorem
822 1284 945 1355 diligere.
968 1285 1001 1340 ad
1017 1285 1069 1340 boc
1119 1284 1270 1341 saevissime
1281 1284 1451 1339 damnationi
1464 1299 1543 1339 mens
1555 1284 1673 1353 turpiter
1683 1285 1809 1351 subacta,
1823 1287 1896 1341 etnisi

275 1372 365 1429 tendis
376 1382 408 1427 ιι
421 1372 468 1444 qui
480 1383 585 1443 partem
608 1373 673 1429 boni
693 1376 766 1445 quod
784 1375 818 1430 ab
833 1377 887 1431 alio
905 1378 998 1431 datum
1014 1382 1067 1441 est,
1119 1383 1215 1430 exorta
1230 1375 1374 1431 subveniat
1390 1374 1542 1432 saltatoris
1572 1377 1671 1446 pietas,
1700 1391 1758 1431 nou
1780 1377 1833 1431 erit
1851 1379 1896 1447 jara

275 1478 404 1535 peruerse
414 1464 466 1520 sibi
478 1465 610 1533 vindicat,
624 1473 711 1522 totum
727 1467 829 1523 bonum
840 1468 912 1539 quati
925 1468 952 1521 in
967 1468 1014 1524 illo
1026 1477 1068 1523 est
1120 1467 1192 1522 unde
1223 1466 1565 1537 captivoserrientiamissa
1599 1467 1764 1521 restituatur
1787 1466 1894 1523 libertas

275 1556 395 1623 amittat,
410 1556 504 1627 sicque
515 1556 562 1613 fiat
574 1565 604 1612 ut
614 1573 665 1613 nec
681 1558 708 1613 id
720 1559 794 1629 quod
805 1558 886 1615 babet
902 1560 1003 1615 utiliter
1015 1560 1067 1615 ba·
1342 1557 1380 1612 fle
1393 1565 1490 1628 reptem
1504 1557 1688 1628 petitionibus.

274 1646 339 1703 bere
349 1648 447 1718 possit,
456 1648 522 1703 dum
537 1648 603 1705 illud
615 1649 643 1704 itt
654 1664 716 1706 eoa
733 1666 789 1721 quo
804 1652 886 1707 babet
900 1667 955 1707 nott
967 1652 1064 1723 diligit.
1155 1648 1314 1722 Sequuntur
1332 1658 1434 1720 septem
1450 1650 1597 1720 petitiones
1625 1658 1722 1704 contra
1744 1657 1846 1719 septem
1864 1650 1897 1704 ri-

274 1736 824 1809 Sicutenimhonuntvetaciterabeoest,
835 1741 1067 1798 itanttllumextra
1084 1724 1166 1809 Btia,
1188 1743 1289 1815 quibus
1303 1751 1399 1798 oratur
1422 1749 1453 1796 ut
1479 1741 1625 1796 subveniat
1639 1742 1687 1811 qui
1703 1756 1756 1797 nos
1781 1751 1811 1797 et
1833 1757 1897 1797 orate

273 1827 1066 1905 Deumbcuumutiliterbaberipotest,imovetoperbocid
1117 1836 1211 1893 docuit
1226 1834 1336 1907 (ffettlt.
1352 1836 1402 1905 rt),
1413 1844 1440 1891 et
1458 1835 1532 1905 qnod
1547 1835 1693 1890 orantibus
1708 1832 1840 1904 Spiritum
1857 1836 1897 1889 bo

272 1922 363 1994 ipsunt
379 1922 453 1993 qood
468 1923 585 1981 babetur
597 1924 742 1994 amittitur,
756 1927 900 1997 quattdoin
915 1942 948 1982 eo
962 1936 1065 1984 etcum
1116 1942 1183 1983 num
1198 1927 1231 1982 ad
1244 1926 1366 1983 sananda
1380 1928 1492 1982 vulnera
1507 1934 1620 1995 nostra,
1643 1936 1671 1982 et
1691 1926 1727 1981 ad
1749 1928 1897 1983 solvendum

272 2030 306 2071 eo
322 2030 339 2070 a
353 2030 409 2087 quo
423 2015 540 2072 babetur
550 2030 605 2073 non
619 2026 737 2073 aptatur.
752 2017 820 2074 Nam
839 2018 997 2091 quicunque
1009 2035 1064 2074 ιιι
1115 2020 1213 2090 jugum
1226 2018 1393 2089 captivitatis
1406 2027 1508 2073 nostre
1522 2017 1638 2073 datarus
1652 2024 1727 2072 esset
1739 2018 1894 2087 repromisit
1978 2015 1979 2018 ’

272 2108 350 2164 nouit
368 2107 422 2165 nisi
442 2108 494 2165 boe
511 2108 615 2165 bonum
643 2110 717 2180 quod
749 2110 841 2179 babet,
870 2110 899 2166 in
918 2112 1066 2183 semetipso
1118 2108 1171 2166 Sed
1190 2124 1242 2166 nos
1262 2118 1410 2180 autequam
1436 2110 1470 2164 ad
1492 2109 1714 2180 explanationem
1742 2108 1839 2163 batum
1860 2124 1898 2163 re·

271 2198 385 2271 diligere
415 2215 528 2259 necesse
553 2211 615 2269 est,
643 2211 684 2271 ut,
707 2202 772 2260 dum
792 2204 820 2258 in
844 2203 930 2259 altero
960 2203 1065 2259 bunum
1115 2201 1236 2268 niamus,
1250 2200 1328 2271 prius
1352 2200 1406 2255 alia
1423 2199 1514 2255 adbuc
1535 2198 1719 2255 similitudine
1739 2198 1897 2253 demonstre-

271 2290 346 2361 quod
359 2304 414 2345 non
433 2291 515 2348 babet
534 2292 682 2363 aspexerit,
699 2300 774 2349 tanto
790 2294 912 2351 autarius
935 2310 985 2351 sua
1000 2310 1064 2351 eam
1115 2307 1178 2347 mus
1192 2298 1325 2363 quantam
1347 2291 1375 2345 in
1399 2289 1479 2344 nobis
1501 2288 1710 2359 corruptionem
1726 2304 1812 2359 supra
1836 2288 1897 2343 dicta

271 2377 444 2449 imperfectio
454 2389 592 2451 torqueat,
607 2391 712 2452 quauta
725 2396 788 2437 enm
801 2382 829 2437 in
847 2398 903 2454 quo
918 2398 999 2440 omae
1012 2384 1064 2440 bo·
1115 2391 1257 2455 generent,
1270 2392 1301 2438 ut
1326 2390 1431 2454 quanto
1451 2380 1631 2452 periculosior
1655 2379 1776 2451 languor
1790 2380 1897 2434 ostendi·

270 2486 337 2527 num
352 2472 487 2540 consistit,
500 2488 555 2529 non
568 2482 650 2530 amat.
664 2473 698 2531 Et
708 2474 811 2529 ideirco
822 2474 978 2546 superbiam
991 2490 1065 2532 sent·
1116 2484 1169 2544 tut,
1182 2484 1259 2532 tanto
1273 2474 1362 2546 magis
1376 2476 1531 2529 necessaria
1545 2470 1683 2526 medicina
1699 2470 1895 2542 comprobetur.

269 2580 319 2636 per
333 2566 457 2637 sequitur
484 2566 597 2633 invidia,
611 2567 677 2639 quia
703 2568 750 2641 qui
775 2569 832 2626 illic
858 2584 982 2626 amorem
1005 2585 1063 2627 non
1114 2566 1167 2623 Per
1187 2566 1344 2638 superbiam
1372 2565 1456 2636 igitur
1478 2579 1526 2619 eor
1550 2562 1673 2629 inflatur,
1706 2577 1756 2632 per
1779 2561 1896 2616 invidiam

269 2658 330 2729 tigit
350 2658 397 2714 ubi
413 2659 519 2715 bonum
533 2668 587 2728 est,
611 2669 745 2731 quantum
759 2661 793 2718 de
806 2676 857 2717 sua
873 2677 1001 2733 perverse
1014 2676 1064 2719 ex·
1114 2660 1231 2726 arescit,
1247 2672 1295 2729 per
1310 2658 1380 2713 iram
1404 2664 1506 2727 crepat,
1528 2668 1577 2725 per
1589 2654 1735 2710 tristitiam
1759 2654 1897 2711 enitatur

268 2749 386 2819 tollitur,
406 2758 514 2807 tantum
528 2750 639 2822 gratius
652 2749 687 2807 de
707 2751 780 2807 batto
797 2751 886 2807 alieno
905 2760 1061 2822 torquetur.
1113 2761 1140 2808 et
1166 2750 1247 2822 quasi
1266 2749 1450 2821 inpuberem
1472 2747 1624 2819 redigitur,
1646 2760 1696 2816 per
1707 2746 1845 2801 avaritiam
1859 2746 1897 2800 ds

270 2842 334 2901 Suae
356 2845 438 2916 igitur
449 2843 562 2900 elationi
585 2842 747 2914 justissimae
770 2860 851 2916 poena
870 2844 999 2915 deputata
1020 2853 1062 2899 est
1113 2844 1260 2915 spergitur,
1276 2858 1326 2913 per
1339 2841 1431 2913 gulam
1447 2841 1569 2895 inlicitur
1582 2846 1611 2894 et
1624 2839 1708 2910 qnasi
1724 2838 1896 2902 humectatur,

269 2934 339 3005 ipsa,
354 2935 485 3006 quamde
500 2950 530 2993 se
545 2936 673 3006 superbia
687 2934 773 3007 gignit
785 2936 896 2992 invidia.
923 2932 992 3002 Quia
1005 2951 1061 3006 quo
1114 2951 1162 3007 per
1191 2935 1328 2990 luxnriam
1355 2933 1535 2989 conculcatur
1560 2938 1590 2987 et
1616 2929 1644 2985 in
1661 2930 1751 2985 lotam
1764 2930 1898 3001 redigitur,

268 3042 416 3083 commuue
443 3027 566 3083 omniunt
594 3026 697 3082 bonum
722 3025 835 3097 diligere
862 3026 960 3093 noluit,
987 3036 1096 3122 recteC
1112 3028 1150 3084 ita
1165 3038 1197 3083 ιι
1211 3027 1270 3098 jam
1284 3026 1369 3083 miser
1390 3026 1483 3081 dicere
1509 3022 1619 3094 possit:
1651 3041 1660 3074 ι
1680 3020 1783 3077 infixus
1796 3036 1855 3077 sum
1872 3020 1898 3074 in

267 3135 343 3176 nunc
369 3119 435 3176 boni
459 3118 542 3175 alieni
565 3119 653 3175 littore
672 3119 797 3176 tabescit.
829 3117 917 3186 Quam
937 3117 1061 3189 profecto
1113 3119 1179 3175 limo
1190 3117 1333 3190 profundi,
1346 3126 1374 3171 et
1394 3132 1449 3171 non
1464 3124 1507 3171 est
1516 3114 1684 3171 substantia.
1711 3111 1780 3168 lletti
1796 3113 1824 3167 in
1838 3112 1900 3166 alti·
1978 3165 1979 3172 ,

266 3212 366 3270 alienae
392 3211 530 3269 felicitatis
550 3226 696 3269 successus
711 3226 765 3268 nou
781 3219 882 3277 uteret,
899 3211 923 3267 si
938 3210 1015 3266 illurn
1031 3212 1060 3268 in
1110 3212 1233 3269 tudinem
1254 3210 1356 3276 maris,
1382 3217 1410 3264 et
1428 3214 1577 3277 tempestas
1597 3206 1726 3261 demersit
1746 3219 1791 3259 me
1812 3202 1899 3274 (Part.
1978 3217 1979 3256 t

267 3318 324 3377 quo
340 3318 422 3359 omne
437 3303 539 3359 bonum
555 3311 607 3367 est,
622 3316 670 3373 per
681 3316 803 3357 amarem
818 3301 980 3371 possideret.
1004 3299 1061 3358 Nec
1109 3303 1219 3374 arrtn).
1238 3300 1387 3372 »Cumque
1398 3298 1464 3353 buic
1476 3299 1544 3353 limo
1555 3295 1681 3368 profundi
1691 3294 1800 3349 ani-us
1813 3293 1903 3348 fuerit

266 3393 533 3451 enimalienumase
543 3393 680 3465 judicaret
691 3392 793 3448 bonum
807 3392 931 3460 alterius,
944 3392 967 3448 si
977 3407 1058 3449 suum
1110 3396 1223 3461 infixus,
1239 3403 1267 3450 et
1279 3393 1338 3449 luto
1353 3390 1588 3462 coinquinationis
1604 3397 1633 3445 et
1646 3387 1821 3443 immunditie
1846 3387 1901 3441 ob-
1978 3407 1979 3412 ¹

265 3484 305 3543 lbi
322 3485 457 3556 diligeret,
473 3486 520 3541 ubi
532 3493 559 3541 et
572 3500 653 3541 suum
669 3494 696 3541 et
710 3483 823 3541 alterius
836 3484 939 3541 bortum
964 3486 1061 3543 simili·
1108 3488 1228 3555 volutus,
1241 3485 1320 3542 evelli
1331 3498 1506 3555 nequaquam
1518 3490 1621 3554 potest,
1639 3481 1692 3536 nisi
1702 3480 1736 3535 ad
1745 3480 1822 3534 illum
1842 3479 1904 3535 cla-
1978 3503 1979 3538 t

263 3588 308 3637 ter
322 3578 487 3650 possideret.
514 3576 594 3634 Nunc
610 3592 676 3649 ergo
691 3586 825 3649 quantum
846 3593 875 3634 se
900 3592 947 3649 per
959 3579 1057 3635 elatio·
1109 3588 1167 3635 met
1191 3590 1219 3635 ct
1246 3578 1457 3651 ejusauxilium
1476 3576 1606 3647 postulet
1634 3571 1673 3627 be
1685 3586 1742 3643 quo
1755 3572 1901 3629 Psalmista
1978 3559 1979 3622 3

261 3683 330 3726 uem
344 3672 439 3723 contra
455 3665 613 3722 Creatorem
631 3666 747 3736 extollit,
763 3675 868 3723 tantum
879 3683 928 3739 per
941 3668 1057 3725 livorem
1112 3670 1234 3742 loquitur
1258 3669 1373 3725 dicens:
1401 3686 1411 3719 ι
1434 3665 1603 3737 Exspectans
1627 3665 1784 3735 exspectari
1810 3664 1903 3718 bomi-

265 3758 456 3831 subproximo
471 3759 555 3826 cadit,
580 3767 607 3816 et
622 3768 757 3830 quantum
770 3759 809 3816 ibi
822 3758 957 3817 fallaciter
971 3762 1057 3833 erigi·
1108 3778 1195 3827 nunt,
1236 3768 1264 3816 ct
1293 3758 1410 3815 intendit
1439 3757 1527 3825 milri;
1565 3763 1594 3812 et
1631 3756 1772 3812 exaudivit
1808 3770 1901 3825 preces

263 3858 321 3919 tur,
341 3857 448 3906 tantum
468 3849 514 3905 bic
531 3850 665 3907 veraciter
681 3850 878 3922 precipitatur.
899 3848 953 3907 Sed
964 3866 1055 3923 neque
1107 3867 1196 3918 meas,
1211 3851 1322 3907 reduxit
1334 3864 1379 3906 me
1389 3849 1424 3905 de
1446 3850 1508 3906 lacu
1524 3846 1643 3904 miserie
1656 3855 1686 3903 et
1702 3848 1738 3903 tle
1753 3848 1810 3903 luto
1829 3845 1903 3903 faecis

262 3940 397 4002 desistere
406 3950 497 4014 potest
510 3942 596 3998 semel
609 3951 699 4015 coepta
719 3942 870 4014 corruptio.
893 3942 955 3999 lfox
982 3945 1056 3999 enim
1107 3942 1195 4017 (Part.
1222 3944 1329 4013 xxxtr).
1349 3961 1361 3996 ι
1401 3941 1549 4013 Propterea
1576 3955 1643 4013 ergo
1668 3940 1729 4012 ipse
1751 3956 1802 3997 nos
1822 3955 1903 3995 orare

261 4046 294 4093 ut
311 4036 345 4094 de
358 4034 461 4093 invidia
475 4037 603 4108 superbia
630 4044 695 4091 nata
708 4034 806 4104 fuerit,
826 4036 896 4091 iram
920 4037 1008 4109 ipsam
1022 4036 1057 4092 de
1106 4037 1201 4094 docuit
1215 4046 1246 4092 ιι
1259 4046 1347 4093 totum
1360 4037 1466 4092 bonum
1482 4044 1609 4090 nostrum
1622 4035 1658 4090 ab
1679 4034 1741 4105 ipso
1768 4035 1815 4098 sit,
1833 4043 1865 4087 ιι
1876 4042 1904 4087 et

261 4144 293 4186 se
305 4128 458 4201 parit,quia
469 4128 619 4185 miseratis
629 4125 865 4200 (tensionem
874 4128 931 4198 jam
944 4128 1056 4199 sibiipsi
1106 4132 1179 4205 quad
1195 4132 1326 4203 petimus,
1339 4140 1366 4187 et
1379 4129 1453 4201 quod
1465 4136 1589 4200 petentes
1598 4126 1762 4197 accipimus,
1776 4127 1841 4197 ejus
1850 4124 1902 4180 do·

261 4218 297 4277 de
311 4234 361 4277 sua
375 4219 582 4292 imperfectione
591 4218 731 4288 irascitur,
745 4220 810 4290 quia
831 4218 865 4275 de
890 4219 964 4276 botta
987 4221 1056 4277 alte·
1107 4239 1173 4281 num
1188 4238 1243 4279 non
1256 4232 1382 4280 nostrum
1395 4222 1525 4278 meritum
1541 4236 1603 4277 csse
1617 4221 1818 4292 intelligamus.

261 4314 321 4371 rius
343 4327 392 4385 per
417 4314 580 4369 claritatem
610 4326 664 4366 non
689 4311 808 4379 laetatur,
833 4320 915 4383 atque
940 4312 1003 4368 ideo
1026 4312 1054 4369 id
1141 4314 1233 4371 Prima
1248 4330 1314 4388 ergo
1329 4314 1424 4385 petitio
1452 4322 1549 4370 contra
1568 4313 1728 4385 superbiam
1756 4319 1817 4378 est,
1847 4324 1901 4381 qua

260 4406 430 4477 etiamquod
447 4406 530 4461 babet
554 4405 606 4461 sibi
619 4405 765 4476 displicere
780 4406 887 4478 incipit,
913 4422 996 4477 quem
1025 4407 1053 4462 itt
1069 4428 1092 4483 ῃ
1107 4410 1223 4466 bomine
1250 4410 1368 4465 dicimus
1397 4426 1404 4463 ε
1435 4426 1445 4459 ι
1470 4406 1666 4463 Sanctificetur
1692 4421 1795 4461 ttamen
1822 4413 1903 4458 tuum
1978 4425 1979 4428 ¹

261 4496 316 4571 alio
336 4498 364 4554 id
375 4497 449 4570 quod
470 4497 572 4553 babere
594 4511 649 4554 nott
662 4504 752 4567 potest
764 4496 899 4568 agnoscit.
923 4496 974 4564 Qui
988 4512 1055 4570 ergo
1107 4502 1217 4575 (lfattlr.
1233 4504 1310 4573 ιιι.»
1336 4499 1394 4555 lloc
1407 4499 1481 4555 enirn
1506 4498 1642 4569 petimus,
1659 4507 1691 4553 ut
1715 4498 1762 4553 det
1776 4495 1904 4551 nobisti-

241 4660 245 4669 η
259 4604 310 4663 per
319 4590 482 4647 ebaritatcm
496 4587 588 4644 influo
601 4596 688 4645 toturn
702 4587 805 4645 babere
818 4587 918 4658 potuit,
934 4588 962 4644 id
970 4590 1054 4645 etiam
1106 4608 1182 4649 merc
1205 4601 1233 4648 et
1248 4590 1374 4647 venerari
1389 4606 1491 4645 nomen
1515 4606 1608 4657 suurn,
1632 4588 1776 4660 quatenus
1798 4587 1826 4642 ei
1855 4599 1905 4657 pet

259 4679 335 4751 quod
350 4694 398 4749 per
412 4678 558 4737 elationem
574 4688 653 4734 extra
668 4676 754 4735 Deum
770 4678 872 4740 babere
890 4680 1052 4749 conabatur,
1106 4685 1288 4741 bumilitatem
1308 4682 1426 4753 subjecti
1440 4682 1542 4750 simus,
1551 4683 1600 4753 qni
1615 4697 1664 4753 per
1675 4680 1837 4751 superbiam
1855 4693 1904 4732 re·

260 4788 311 4845 per
329 4772 460 4829 invidiam
474 4782 500 4829 et
512 4774 582 4829 itam
603 4772 714 4840 amittit,
742 4772 818 4844 quia,
842 4781 989 4844 postquam
1005 4790 1054 4845 per
1106 4778 1191 4833 belles
1206 4785 1233 4831 et
1246 4783 1422 4831 contumaces
1443 4773 1610 4829 exstitimus.
1628 4770 1698 4827 lluic
1710 4770 1839 4842 petitioni
1854 4767 1906 4823 da-

261 4862 419 4935 xtperbiam
434 4862 520 4920 beuta
545 4862 658 4927 amittit,
674 4862 868 4934 perititidiatu
883 4863 972 4934 perdit
988 4879 1054 4934 pro·
1106 4878 1150 4923 tur
1162 4866 1265 4923 donum
1280 4865 1399 4937 Spiritus
1411 4865 1520 4919 timoris
1536 4863 1656 4927 bomini.
1672 4871 1703 4918 ut
1724 4863 1770 4917 ibe
1794 4862 1833 4916 ad
1856 4874 1908 4915 eor

260 4956 378 5023 rituum,
395 4964 423 5013 et
437 4972 485 5029 per
501 4972 570 5012 tram
581 4968 770 5027 semetipsum
784 4953 855 5023 Quia
876 4971 943 5027 ergo
963 4957 1054 5012 ontai·
1104 4958 1358 5015 venienstixtutem
1385 4956 1412 5011 itt
1427 4969 1462 5009 co
1484 4964 1611 5010 exerceat
1633 4954 1813 5017 humilitatis,
1842 4964 1909 5022 quae

260 5048 315 5107 bus
338 5046 448 5103 amissis
473 5048 541 5103 ttiitil
566 5055 691 5120 superest
719 5047 791 5104 unde
806 5046 933 5118 gaudeat,
958 5046 1053 5104 infelix
1104 5048 1240 5120 superbiae
1253 5049 1380 5103 morbum
1398 5054 1486 5113 sanct,
1507 5055 1642 5117 qnatenus
1657 5046 1691 5100 ad
1706 5059 1826 5115 regnum
1848 5058 1910 5098 cas·

260 5140 428 5198 conscientia
448 5154 496 5211 pet
507 5140 648 5196 trtsttttam
672 5141 701 5195 in
728 5140 883 5211 semetipsis
901 5140 1050 5208 colliditur,
1103 5143 1194 5197 lorum
1205 5139 1281 5211 quod
1294 5140 1409 5212 angelus
1423 5139 1559 5209 superbus
1579 5152 1628 5208 per
1640 5136 1790 5192 elationem
1807 5134 1911 5206 perdi-
1978 5095 1980 5190 l

260 5232 367 5303 etquia
392 5230 426 5287 dc
451 5232 541 5287 alieno
565 5231 638 5287 bono
660 5232 705 5303 pie
730 5231 816 5287 laetari
833 5232 931 5302 noluit,
956 5234 990 5289 de
1000 5248 1052 5291 suo
1103 5233 1181 5298 didit,
1197 5233 1279 5288 bomo
1292 5230 1406 5286 humilis
1420 5244 1561 5300 pertemre
1571 5227 1670 5299 possit

262 5323 336 5381 matu
345 5324 498 5379 cruciatur.
1141 5322 1268 5380 Secunda
1280 5322 1375 5394 petitio
1389 5334 1432 5378 est
1442 5320 1691 5387 eontraintidiam,
1706 5334 1762 5390 qua
1772 5316 1911 5374 dicitur:

296 5410 363 5470 Post
377 5412 533 5483 superbiam
549 5428 626 5484 ergo,
639 5422 666 5470 et
677 5412 818 5481 invidiam,
844 5423 872 5471 et
891 5416 1052 5486 iramque
1108 5418 1271 5476 tftdteniat
1282 5432 1398 5488 regnum
1410 5424 1498 5471 tuum.
1518 5434 1527 5468 r
1545 5412 1673 5479 Regnum
1698 5411 1847 5482 siquidem
1862 5410 1915 5465 bei

261 5506 400 5564 bominem
439 5508 576 5577 spoliant,
606 5506 738 5562 continuo
775 5508 884 5563 tristitia
914 5508 1049 5579 sequitur,
1102 5512 1178 5568 salus
1192 5519 1235 5568 est
1251 5509 1407 5587 bominum,
1422 5508 1486 5579 quia
1507 5514 1573 5562 tone
1588 5505 1663 5561 Deus
1686 5506 1716 5561 iu
1735 5504 1916 5560 bominibus

261 5612 324 5669 quae
347 5598 480 5653 nudatum
505 5596 631 5667 flagellat.
645 5597 695 5653 Cui
711 5597 809 5654 deinde
821 5599 944 5657 succedit
958 5600 1050 5654 atari·
1101 5616 1216 5673 regnare
1230 5600 1342 5667 dicitur,
1355 5599 1466 5655 ottando
1481 5597 1532 5668 ipsi
1549 5596 1678 5653 nomines
1692 5594 1818 5651 pomino
1838 5595 1916 5651 sub·

281 5709 364 5769 ,ιιιη
385 5710 431 5765 Sic
445 5714 471 5764 in
488 5710 579 5766 cotiiec
594 5730 600 5766 :
618 5713 784 5769 miseratis.
