4017 6342
266 298 322 361 tis
824 293 987 351 wennunt
1009 292 1156 351 annuns
1177 292 1205 349 S.
1228 291 1337 349 nttsn
1842 300 1884 356 ggg
1971 318 1972 369 ι

264 420 379 476 tendere
388 435 453 491 ergo
465 427 492 474 ct
502 417 616 474 dilatare
626 420 759 483 quantum
776 421 894 475 potesne
908 422 996 469 totum
1011 414 1099 475 ιιι-Α
1114 412 1175 467 inde
1203 408 1270 467 oriri
1286 406 1378 479 :quod
1398 420 1453 461 uon
1476 407 1569 469 leviter
1594 414 1733 485 explicare
1750 427 1884 482 masenius,
1971 466 1972 479 ,

265 511 459 581 pleaturquud
475 511 502 563 in
519 503 741 574 teest,etiamsi
757 511 910 558 noritotum
934 505 1060 577 capiatur
1112 504 1456 577 Eceeduosuntquorunr
1471 508 1584 563 alterum
1602 506 1695 577 perire
1718 520 1822 563 neeesse
1843 526 1886 569 esi.
1971 488 1972 537 3

264 605 339 673 quod
351 604 377 658 in
392 602 439 656 illo
451 608 502 655 est.
523 596 584 651 Noli
610 595 707 648 tiorere
722 593 800 662 quasi
817 591 864 650 libi
886 594 1000 651 delicere
1014 596 1062 651 de·
1113 594 1197 651 Datur
1213 596 1260 651 uni
1276 595 1352 665 optio
1374 598 1446 667 qnod
1463 598 1526 652 velit
1542 597 1624 666 eligat
1637 610 1653 651 e
1667 593 1774 651 dnolous
1787 611 1886 666 quorun

264 694 331 749 lteat
352 694 407 758 ille,
426 691 449 747 si
468 689 550 744 rrirnis
571 682 666 756 'capax
692 682 787 740 lueris.
813 682 1061 757 Quantumcunque
1112 687 1227 743 alterum
1240 690 1352 745 omnino
1369 688 1465 743 evitari
1480 702 1532 743 non
1545 686 1643 759 possit.
1657 684 1686 741 Si
1702 688 1886 745 suamsaluten
1971 702 1972 705 ’

263 786 531 855 poteris,nunquam
545 781 768 854 tanturupoteris
791 778 1059 850 quantumipseest.
1112 780 1199 850 magis
1213 780 1298 851 eligit,
1325 782 1417 835 nrittus
1437 780 1591 851 proximum
1616 778 1727 849 diligit*
1742 775 1770 831 Si
1785 783 1887 848 proximi
1971 790 1972 809 ¹

264 874 295 931 st
312 884 416 931 tanturm
429 888 534 943 posses,
549 879 642 928 tantus
664 888 751 929 esses.
764 870 843 926 Nunc
855 878 1061 925 autemcrescc-
1112 874 1227 929 salutem
1241 874 1328 945 magis
1342 874 1426 944 eligit,
1446 872 1531 928 ileum
1545 874 1638 929 nrinus
1649 872 1738 944 diligit
1748 888 1824 941 quam
1837 890 1889 945 pru-

266 986 295 1025 rc
305 969 333 1023 in
352 967 398 1022 illo
414 974 501 1037 potes,
521 964 623 1035 aequari
650 963 758 1018 illinon
773 971 862 1032 potes.
884 961 984 1017 Cresce
996 974 1061 1031 ergo
1112 965 1228 1031 ximum,
1241 980 1256 1019 a
1270 979 1326 1036 quo
1339 964 1459 1035 seperari
1473 966 1531 1020 vult
1549 972 1660 1035 propter
1678 964 1835 1033 proximum.
1847 965 1888 1023 Sed

262 1068 290 1115 et
301 1058 411 1129 proiice.
424 1056 533 1123 Quanto
545 1055 633 1125 major
645 1055 701 1109 eris
721 1054 751 1108 in
769 1053 859 1119 borro;
874 1061 952 1108 tanto
965 1052 1062 1107 melior
1112 1052 1183 1111 lorte
1200 1056 1350 1127 quisdicat
1365 1072 1458 1126 parem
1472 1056 1647 1112 dilectionem
1662 1054 1755 1111 lacere
1765 1070 1814 1109 non
1824 1073 1889 1127 posse
1971 1042 1972 1045 ¹

262 1150 328 1205 eris.
355 1148 384 1204 Si
400 1163 524 1203 suminus
547 1162 634 1212 esses,
649 1146 770 1215 optimus
788 1160 874 1201 esses.
890 1143 969 1201 Nunc
995 1144 1060 1215 quia
1111 1147 1272 1203 electionem
1288 1165 1295 1202 :
1309 1156 1456 1218 utrumque
1477 1146 1619 1218 aequaliter
1631 1145 1711 1211 velle,
1724 1154 1753 1200 et
1765 1154 1890 1217 utrunque

263 1259 389 1301 atrmmus
404 1256 465 1297 esse
482 1256 537 1293 non
552 1248 638 1309 potes,
666 1247 744 1310 potes
758 1253 820 1295 esse
841 1240 868 1293 in
884 1252 1003 1294 summo.
1030 1237 1062 1293 lit
1111 1240 1253 1310 aequaliter
1267 1239 1349 1307 nolle,
1373 1255 1424 1296 nee
1439 1254 1521 1310 posse
1538 1238 1653 1293 alterum
1678 1237 1758 1292 alteri
1783 1237 1889 1307 praeiens

264 1353 392 1409 magnum
409 1336 457 1391 tibi
472 1336 525 1389 lroc
538 1342 592 1396 est.
608 1341 636 1385 et
646 1344 680 1386 ea
699 1330 752 1385 hoc
763 1338 791 1384 tu
806 1344 923 1399 magnus
941 1343 982 1395 es,
995 1344 1018 1384 ει
1033 1328 1060 1383 in
1111 1332 1139 1386 in
1150 1333 1261 1403 optione
1274 1348 1335 1403 quae
1349 1332 1426 1402 paria
1441 1332 1564 1388 omnimo
1574 1339 1704 1385 constant
1715 1330 1743 1384 in
1756 1329 1889 1385 dilectione.

264 1444 373 1484 stlmnw
397 1443 438 1493 00,
459 1437 487 1481 et
509 1433 585 1480 101110
607 1424 702 1492 utique
727 1421 816 1490 100101
843 1427 947 1490 0001110
969 1419 1059 1473 011101·
1113 1424 1158 1482 Sic
1169 1440 1234 1496 ergo
1246 1424 1316 1481 lorte
1327 1426 1390 1496 quis
1403 1426 1473 1479 lrane
1488 1423 1670 1494 olrjeetionem
1681 1423 1784 1479 esitare
1797 1432 1891 1477 corinn-

264 1520 398 1577 dseendis
409 1528 510 1585 autem
524 1532 586 1571 cunt
598 1514 699 1585 diligis·
717 1511 834 1567 8111111111
849 1512 939 1582 pergis
957 1511 983 1565 in
995 1512 1061 1566 11110-
1111 1516 1167 1573 dal.
1184 1516 1236 1573 Sed
1250 1518 1317 1588 quid
1329 1516 1471 1573 dicemus?
1486 1512 1515 1570 Si
1532 1530 1616 1570 unum
1632 1516 1755 1585 aliquem
1771 1513 1891 1569 lromiocm

263 1616 354 1681 ritate,
364 1612 429 1683 quia
441 1611 562 1667 charitas
575 1622 687 1664 sursum
701 1604 786 1661 ducit.
806 1602 884 1661 Sicut
899 1604 937 1659 ait
947 1604 1062 1674 aposto·
1111 1618 1189 1664 tuum
1211 1608 1323 1680 diligere
1337 1608 1422 1665 debeo
1434 1617 1568 1679 quantum
1594 1608 1742 1679 meipsum,
1770 1621 1859 1673 nonne,
1872 1606 1890 1659 si

262 1706 306 1761 lue
321 1724 328 1759 ε
347 1724 356 1757 ι
372 1705 469 1761 Adhuc
478 1700 700 1760 excellentiorem
711 1698 784 1753 viam
799 1697 878 1753 vobis
888 1698 1062 1753 demonstra·
1111 1702 1166 1757 duo
1179 1708 1243 1756 suut
1255 1708 1302 1755 aut
1313 1708 1378 1767 tres,
1387 1710 1435 1756 aut
1444 1702 1691 1772 quatuor,diligere
1699 1697 1892 1770 ampliusdeltco

263 1796 299 1852 bo
313 1796 338 1868 (l
353 1796 415 1853 Gor.
429 1794 491 1866 xo).
509 1792 660 1849 »Ascende
684 1803 759 1859 ergo,
780 1787 847 1844 dum
864 1797 942 1860 potes
957 1806 964 1843 ι
978 1788 1061 1844 modo
1075 1761 1097 1819 Β
1111 1808 1193 1864 quam
1212 1792 1357 1863 meipsum.
1375 1791 1421 1849 Sic
1438 1792 1540 1849 vadunt
1564 1791 1734 1865 quaestiones
1755 1790 1890 1854 hominum,

262 1896 370 1959 tempus
396 1897 438 1943 est
466 1883 606 1942 crescendi
623 1891 651 1938 et
667 1884 846 1953 proliciendi;
873 1890 979 1952 postea,
996 1895 1060 1936 cum
1111 1894 1139 1940 et
1169 1884 1324 1953 inquietant
1354 1882 1481 1939 homines
1506 1884 1670 1955 semetipsos
1696 1880 1891 1953 cogitationibus

261 1980 527 2035 consummabuntur
537 1975 641 2039 omnia,
651 1977 738 2031 stabis
750 1976 778 2031 in
793 1992 826 2031 eo
837 1975 871 2030 ad
880 1974 953 2045 quod
963 1988 1060 2044 perve-
1111 1976 1180 2035 suis.
1196 1976 1296 2031 llicunt
1307 1976 1380 2031 enim
1399 1976 1499 2043 :erod
1516 1976 1615 2033 melius
1638 1974 1821 2044 estamplius
1840 1972 1890 2027 dili·

261 2072 346 2128 neris.
361 2071 393 2126 Et
406 2071 458 2126 lroc
470 2069 522 2125 enit
535 2082 674 2123 summum
688 2075 766 2123 tuum
781 2067 808 2123 in
822 2068 880 2133 illo,
894 2082 975 2137 supra
986 2066 1061 2136 quod
1111 2068 1228 2141 gendum
1244 2076 1295 2124 est.
1315 2067 1454 2125 Ponarnus
1485 2077 1540 2124 tros
1562 2068 1700 2133 homines,
1721 2081 1805 2121 unum
1828 2063 1889 2129 irim,

260 2179 316 2221 nou
328 2163 445 2218 transies
468 2162 604 2231 amplius;
618 2162 665 2217 sod
687 2176 826 2217 summum
845 2160 918 2215 illius
932 2175 986 2215 non
1008 2159 1061 2214 enit
1110 2160 1181 2216 duos
1196 2159 1268 2214 inde.
1284 2158 1351 2215 llioo
1374 2158 1439 2231 quia
1459 2158 1548 2228 perire
1568 2172 1682 2213 necesse
1699 2164 1802 2211 estant
1820 2168 1890 2208 unm

260 2252 290 2307 in
299 2268 355 2325 quo
365 2261 519 2323 propterea,
537 2250 560 2308 si
573 2261 641 2319 stas,
653 2251 733 2321 quasi
743 2266 797 2306 non
809 2251 933 2307 invenias
942 2251 1060 2321 amplius
1111 2253 1206 2320 istum,
1221 2262 1268 2308 aut
1281 2252 1350 2309 duos
1367 2254 1438 2309 illos.
1448 2253 1497 2310 Die
1509 2268 1574 2325 ergo
1583 2262 1612 2307 tu
1626 2250 1696 2305 nrilri
1711 2267 1718 2303 r
1734 2247 1803 2315 Quid
1815 2246 1889 2317 eligis,

260 2357 322 2413 quo
337 2356 455 2398 crescas.
475 2340 580 2397 ldcireo
594 2342 722 2409 ascende,
735 2342 800 2397 durn
815 2352 902 2414 potes,
926 2351 1060 2413 quantum
1111 2346 1158 2416 qui
1171 2345 1325 2416 proximum
1340 2354 1416 2401 tuunr
1428 2346 1518 2416 diligis
1531 2354 1661 2415 tanquam
1673 2340 1801 2413 teipsum!
1810 2338 1890 2393 llelius

260 2444 338 2505 potes
355 2453 362 2489 ε
377 2450 519 2505 nunquam
532 2434 617 2489 nimis
637 2441 726 2504 potes,
744 2435 792 2490 ubi
816 2450 956 2506 uunquam
982 2443 1060 2504 potes
1111 2446 1152 2493 est
1165 2438 1255 2507 perire
1268 2452 1353 2491 unum
1368 2453 1451 2509 quam
1463 2438 1543 2503 duos,
1554 2437 1621 2506 quia
1635 2434 1735 2491 melius
1746 2444 1787 2489 est
1800 2432 1889 2487 saltare

259 2535 360 2582 totum.
379 2525 465 2597 llilige
491 2524 640 2582 llominum
652 2522 739 2580 neum
756 2537 833 2581 tirum
853 2542 886 2581 ex
907 2525 1061 2581 totocorde
1111 2530 1180 2586 duos
1194 2544 1277 2600 quam
1293 2545 1389 2585 unum.
1410 2529 1483 2597 ldeo,
1501 2528 1604 2601 inquis,
1629 2528 1718 2599 magis
1731 2527 1801 2597 eligo
1815 2534 1890 2593 utpc

261 2627 321 2686 tuo,
347 2628 375 2674 ct
396 2634 428 2674 ex
442 2626 498 2673 totu
513 2619 605 2674 aniana
620 2628 678 2686 tua,
690 2629 718 2676 et
731 2636 764 2674 er
789 2627 844 2673 tota
857 2626 947 2673 nuerue
960 2625 1017 2685 tua,
1032 2627 1061 2672 ut
1111 2630 1170 2677 reat
1183 2636 1254 2676 uitus
1274 2630 1302 2675 et
1314 2620 1369 2675 duo
1392 2620 1541 2675 salsentur.
1557 2618 1629 2690 Engo
1644 2621 1686 2675 nis
1700 2628 1730 2674 ut
1749 2617 1831 2687 magis
1843 2614 1889 2668 sal·
1971 2612 1972 2657 ἶ

259 2726 294 2765 cx
305 2711 351 2765 illo
366 2719 452 2766 toturn
469 2720 545 2765 tuum
557 2711 717 2782 inrpleatur;
728 2711 811 2767 etlam
824 2712 873 2765 siu
889 2718 936 2764 tuo
948 2719 1016 2776 toto,
1032 2712 1061 2765 il·
1112 2712 1270 2769 vcrrturduo
1283 2712 1327 2767 isti
1336 2728 1418 2782 quam
1429 2712 1473 2767 ille
1485 2727 1565 2766 unus.
1580 2710 1676 2769 Nonne
1689 2725 1752 2781 ergo
1768 2708 1829 2764 illud
1838 2722 1890 2760 ma·
1971 2724 1972 2731 ¹

259 2799 315 2857 lius
327 2817 381 2857 non
399 2802 521 2872 capiatur
531 2809 631 2869 totum,
656 2802 741 2871 replet
752 2809 788 2867 te,
803 2809 831 2855 et
856 2800 1061 2870 superabundat
1111 2806 1152 2877 gis
1166 2805 1266 2875 diligis,
1281 2804 1353 2875 quod
1369 2810 1511 2875 potiusest
1521 2806 1599 2875 eligis
1618 2822 1625 2857 a
1641 2806 1690 2869 ita,
1702 2800 1802 2873 inquis,
1812 2799 1889 2853 omui·

261 2894 291 2949 iu
306 2909 345 2949 se.
361 2893 391 2948 Si
414 2909 463 2949 vas
490 2909 544 2949 non
569 2894 661 2948 deficit
679 2893 769 2948 oleum
785 2892 893 2948 sufficit.
912 2892 967 2949 Cor
981 2903 1060 2949 tuum
1111 2911 1147 2951 no
1162 2896 1250 2967 magis
1265 2894 1358 2966 diligo.
1375 2894 1440 2951 lide
1458 2910 1523 2969 crgo
1539 2894 1604 2965 quid
1619 2901 1758 2963 sequatur.
1772 2886 1889 2961 Superius

263 2999 312 3040 100
324 2992 376 3051 esi,
388 2999 465 3038 011101
479 2983 665 3039 11110101011111·
690 2981 816 3048 Quandiu
842 2998 890 3038 nas
906 2982 1001 3049 habes,
1015 2982 1060 3039 ille
1111 2997 1203 3043 autem
1221 2987 1366 3043 confessus
1381 3002 1411 3043 es
1428 2986 1492 3057 quia
1509 2994 1615 3041 tantum
1629 2984 1731 3055 diligis,
1745 2982 1794 3047 sel,
1807 2982 1827 3037 si
1840 2993 1888 3032 non
1971 2990 1972 2993 ¹

259 3073 406 3132 iulundere
420 3076 511 3131 oleum
525 3090 580 3129 non
593 3085 685 3130 cessat
699 3074 725 3146 (l
734 3074 754 3128 l'
767 3074 831 3145 lleg.
844 3077 892 3143 ιι),
917 3086 945 3131 ει
965 3085 1058 3146 postea
1073 3100 1093 3157 g
1110 3081 1211 3153 diligis,
1246 3079 1358 3149 diligere
1377 3078 1461 3134 debes
1487 3080 1644 3149 proximum
1671 3086 1747 3131 tuum
1770 3081 1890 3144 quantum

260 3182 324 3222 euru
340 3175 368 3222 tu
384 3167 501 3237 amplius
513 3182 562 3222 sas
577 3182 632 3221 non
657 3166 753 3233 habes,
771 3167 918 3222 illeadlruc
938 3167 1057 3237 anrplrus
1108 3173 1234 3242 teipsum.
1251 3169 1280 3225 Si
1293 3184 1358 3240 ergo
1371 3178 1475 3225 tantum
1503 3169 1593 3237 diligis
1612 3184 1697 3223 uuum
1722 3167 1798 3221 istum
1811 3177 1889 3233 quan·
1971 3164 1972 3231 1

259 3258 351 3315 oleum
361 3257 453 3312 habet·
471 3256 618 3327 Propterea
633 3255 689 3311 non
704 3258 875 3327 parcerent,
888 3272 955 3328 cane
967 3272 1055 3328 qunn-
1107 3276 1165 3321 uum
1177 3264 1305 3334 teipsum,
1318 3272 1346 3317 et
1360 3279 1469 3319 rursum
1481 3263 1550 3318 unos
1560 3262 1629 3317 istos
1646 3262 1707 3331 ptus
1717 3258 1802 3329 nitigis
1812 3268 1889 3327 quan

258 3356 319 3406 tum
333 3359 421 3420 potes.
440 3347 526 3419 llilige
537 3357 669 3417 qnantum
682 3348 794 3416 sufficis,
805 3351 870 3420 quia
883 3350 928 3406 ille
940 3364 994 3405 non
1010 3350 1057 3404 110·
1107 3358 1236 3427 tcipsum,
1252 3356 1313 3427 plus
1330 3354 1421 3425 itaque
1433 3354 1503 3409 duos
1515 3353 1762 3423 illosdiligisquam
1772 3350 1886 3421 teipsum.

259 3441 326 3499 licit.
345 3441 431 3513 llilige
442 3458 476 3497 ex
496 3441 649 3497 totocorde
663 3448 719 3506 tuo,
732 3450 759 3497 et
771 3456 802 3497 ex
817 3451 874 3497 tota
892 3442 983 3497 anima
997 3449 1056 3508 tua,
1107 3446 1141 3501 Et
1156 3446 1179 3501 si
1194 3446 1255 3501 iilos
1269 3444 1339 3500 duos
1352 3445 1412 3515 plus
1427 3444 1517 3515 diligis
1529 3458 1612 3513 quam
1625 3443 1752 3513 teipsum,
1765 3448 1888 3511 quantum
1971 3444 1972 3461 1

259 3544 335 3591 etex
350 3542 508 3589 tutamenta
532 3542 588 3597 tua,
604 3531 630 3586 id
653 3540 696 3587 est
707 3548 739 3587 ex
756 3543 812 3590 toto
835 3535 973 3591 intellectu
998 3543 1055 3601 tuo,
1106 3537 1214 3593 videtur·
1229 3536 1290 3606 plus
1306 3535 1395 3606 utign-
1409 3535 1558 3604 illos2quaur
1569 3533 1655 3589 licum
1666 3542 1888 3604 propterquosse-

260 3633 330 3679 etex
343 3633 400 3679 toto
412 3624 510 3679 affectu
534 3632 592 3691 tuo,
605 3633 632 3679 et
642 3640 675 3679 ca
688 3633 743 3681 tola
756 3628 888 3681 memoria
899 3635 955 3682 tua.
968 3626 1058 3693 Quan·
1107 3630 1197 3702 parari
1212 3629 1256 3685 nis
1270 3628 1358 3697 abeo,
1370 3638 1400 3683 ut
1411 3626 1494 3682 Duum
1509 3642 1564 3682 non
1583 3627 1696 3693 lraloeas,
1711 3624 1889 3697 nequediligas
1971 3654 1972 3683 l

262 3724 320 3771 tutu
349 3715 486 3786 intelligis,
511 3726 645 3785 quantum
670 3720 755 3791 sapis,
782 3727 916 3790 quantum
942 3718 1055 3785 suillcis,
1107 3715 1888 3791 ileumutpereastu,utillisalvidant2Etlortassisali·
1971 3704 1972 3731 1

261 3818 368 3864 1011111111
383 3808 475 3879 1111180·
502 3806 601 3863 Το111111
619 3811 946 3883 0081111101101111111001111,
967 3819 1056 3866 1010111
1107 3819 1170 3891 quis
1184 3818 1331 3875 aestimabit
1341 3814 1477 3887 ejusmodi
1491 3815 1664 3871 dilectionem
1684 3814 1804 3870 habuisse
1818 3811 1884 3883 liop-
1971 3826 1972 3889 j

261 3900 407 3957 dilectione
417 3899 560 3968 alliciatur,
575 3908 661 3958 totum
675 3904 807 3960 memoria
817 3913 951 3960 teneatur.
964 3902 1057 3970 Quan-
1108 3926 1167 3979 sen,
1185 3911 1232 3983 qui
1252 3908 1443 3967 praeemineo
1452 3924 1501 3981 1³¹0
1515 3909 1602 3967 sarug,
1615 3908 1796 3978 „mimorum
1810 3919 1887 3973 gog.
1971 3936 1972 3953 ,

264 4000 322 4047 1010
346 3990 518 4058 1101011011οι
535 4000 640 4049 1011111111
667 3995 806 4063 0111010110,
820 4004 850 4050 01
872 4004 960 4050 10111111
976 3995 1056 4051 1111100
1107 4018 1213 4074 potiens
1228 4004 1289 4059 ait:
1308 4021 1318 4054 r
1336 4000 1365 4056 Si
1376 4017 1432 4057 nou
1447 4000 1562 4056 dimittis
1572 4000 1614 4055 eis
1631 3999 1703 4055 lianc
1714 3996 1886 4061 noriamdcle

261 4083 297 4139 sit
318 4083 450 4155 quidquid
478 4084 513 4139 de
527 4082 575 4137 illo
595 4083 623 4137 in
648 4088 832 4150 cognitionem
842 4094 871 4141 et
895 4087 1056 4142 memoriam
1107 4108 1152 4148 me
1166 4092 1199 4147 de
1208 4092 1278 4147 libro
1288 4107 1370 4162 quem
1384 4090 1519 4161 scripsisti
1533 4088 1633 4160 (deod.
1647 4090 1744 4159 xxxii).
1763 4109 1770 4139 ι
1787 4085 1877 4153 Etrlpu

262 4176 344 4231 uenit.
361 4176 389 4231 Si
401 4187 473 4233 recte
493 4186 581 4234 totum
595 4180 736 4249 probatur,
749 4194 799 4235 cur
812 4194 867 4234 non
890 4188 978 4235 toturn
992 4180 1056 4234 dili·
1107 4184 1195 4241 stolus
1214 4200 1263 4254 pro
1275 4181 1407 4237 iratribus
1423 4183 1567 4237 anatliema
1593 4195 1654 4237 csse
1664 4182 1739 4251 cupit
1752 4194 1766 4233 a
1778 4178 1884 4239 Christo,

155 4290 168 4311 ο
260 4275 351 4338 gutur.
376 4266 514 4335 Quantum
539 4285 605 4341 ergo
629 4272 800 4326 innotescere
821 4270 951 4342 dignatur
976 4271 1056 4328 uirbis
1107 4282 1138 4329 ut
1149 4274 1187 4328 illi
1210 4274 1279 4331 salvi
1302 4272 1369 4328 fiant
1386 4271 1414 4326 in
1428 4270 1539 4327 Christo
1564 4270 1652 4341 (Rom.
1669 4271 1721 4343 ιιι),
1736 4281 1762 4327 ει
1783 4268 1886 4325 fortasse
1971 4268 1972 4301 1

260 4368 366 4417 tantum
384 4362 539 4433 diligatura
553 4362 643 4417 nobis.
657 4360 757 4417 Totum
771 4364 845 4434 quod
855 4379 953 4434 capere
967 4364 1057 4435 possi·
1109 4362 1399 4434 lroealiquisetiamad
1412 4376 1535 4418 amorem
1547 4361 1595 4417 llei
1608 4363 1745 4433 pertinere
1757 4360 1884 4423 credatur

261 4468 323 4509 mus
333 4454 490 4525 diligamus,
504 4462 533 4509 et
545 4461 679 4524 quantum
694 4470 852 4525 possumus.
1071 4446 1094 4501 1)
1108 4475 1171 4514 eum
1182 4467 1288 4515 tantum
1298 4458 1456 4529 diligamus,
1465 4457 1618 4528 utgloriam
1628 4458 1689 4527 ejus
1700 4458 1727 4511 in
1739 4458 1795 4512 aliis
1806 4453 1885 4525 potiora
1971 4446 1972 4493 i

413 4548 589 4605 ilementum
605 4549 734 4621 diligendi
750 4549 911 4619 proximum.
1107 4551 1268 4621 atriplillcari
1281 4566 1364 4621 quam
1388 4550 1415 4603 in
1442 4548 1523 4603 nonis
1537 4550 1672 4621 coarctari
1687 4550 1830 4620 cupiamus.
1851 4543 1883 4597 Et

294 4640 335 4698 ne
345 4642 490 4699 dilectione
503 4646 621 4715 proximi
633 4645 699 4701 dicit
709 4643 789 4701 nobis
804 4643 945 4716 Scriptura
962 4664 969 4700 ε
989 4645 1056 4700 rili·
1107 4652 1250 4715 propterea
1264 4659 1314 4714 pro
1330 4644 1418 4698 salute
1433 4641 1582 4697 multorum
1599 4652 1724 4697 nostram
1739 4644 1811 4699 nolis
1831 4654 1880 4711 ott·
1971 4624 1972 4635 ¹

252 4732 333 4818 liges·
342 4734 499 4805 proximum
518 4744 593 4791 tuum
610 4736 682 4792 sicut
696 4737 813 4807 teipsum
842 4736 937 4806 (lenit.
954 4738 1024 4808 xrs).
1042 4756 1052 4789 ι
1107 4733 1238 4789 ditionem
1251 4734 1410 4804 optandam,
1424 4742 1452 4789 ut
1465 4731 1555 4802 potius
1567 4734 1645 4788 multi
1658 4736 1795 4791 salsentur
1805 4741 1828 4789 ct
1840 4744 1883 4783 nris

260 4823 339 4891 Quod
353 4826 512 4881 mandatum
539 4835 605 4883 tune
618 4826 741 4897 prolecto
767 4828 922 4899 implemus,
945 4830 968 4885 si
989 4844 1055 4885 nera
1107 4842 1260 4897 pereamus,
1275 4844 1359 4899 quam
1377 4832 1454 4888 multi
1467 4842 1618 4903 percantet
1633 4848 1685 4889 rios
1698 4833 1836 4889 salvemur.

259 4917 327 4971 citra
341 4916 367 4971 id
383 4919 457 4987 quod
482 4920 562 4974 nolis
585 4922 712 4991 cupimus
732 4920 989 4986 bouum,etiamilli
1010 4937 1055 4977 cu·
1142 4917 1196 4975 Sed
1219 4920 1390 4978 considerate
1412 4926 1544 4994 quoniam
1568 4924 1638 4981 ordo
1661 4925 1812 4981 dilectionis
1831 4919 1883 4975 talis

259 5007 375 5076 plantus.
397 5006 426 5061 ln
451 5008 551 5078 quibus
572 5010 645 5065 enim
672 5010 856 5079 nosmetipsos
872 5020 944 5067 reete
960 5012 1054 5084 diligi·
1105 5018 1157 5078 esi,
1171 5019 1202 5067 ut
1216 5021 1279 5069 ante
1292 5030 1321 5070 se
1337 5015 1433 5087 diligat
1447 5017 1530 5073 loonio
1540 5034 1624 5088 quum
1637 5020 1790 5089 proximum
1804 5032 1880 5073 suuni.

259 5115 323 5155 mus
338 5102 491 5169 proximum
506 5114 643 5169 nostrum,
660 5103 718 5160 sine
729 5102 762 5157 ad
777 5104 968 5161 necessitatem
989 5122 1054 5161 cor·
1105 5103 1185 5173 cuius
1198 5105 1372 5163 dilectionem
1388 5124 1403 5163 a
1421 5124 1472 5165 sua
1487 5114 1597 5169 trahere.
1609 5122 1636 5169 cl
1649 5112 1768 5169 formare
1775 5112 1879 5183 junctu.

259 5192 343 5263 poris,
360 5192 418 5247 siue
430 5193 464 5249 ad
475 5194 573 5249 animae
594 5195 720 5261 salutem,
736 5193 797 5251 siue
810 5194 922 5253 lietioue
942 5198 1055 5270 diligere
1105 5211 1168 5253 eum
1200 5198 1319 5257 dieitur:
1344 5219 1353 5252 ι
1371 5199 1472 5273 Diliges
1488 5205 1646 5275 proximum
1664 5214 1740 5262 tuum
1765 5206 1832 5262 sicut
1847 5210 1878 5253 le·

258 5292 286 5339 et
302 5290 437 5353 quantum
450 5283 649 5341 rationabiliter
673 5299 832 5354 possumus,
860 5287 991 5356 adjurare
1003 5288 1054 5344 de·
1105 5289 1207 5360 ipsum.
1224 5308 1233 5341 ι
1252 5288 1281 5343 Si
1301 5292 1375 5345 eninr
1397 5292 1552 5362 proximum
1573 5312 1656 5353 suum
1671 5297 1758 5369 diligit
1767 5296 1834 5351 sicut
1846 5305 1874 5347 se

258 5377 365 5433 berum.
378 5376 509 5445 Quaerunt
520 5390 610 5433 autem
622 5378 706 5448 aliqui
719 5379 743 5432 si
756 5377 782 5433 id
798 5380 872 5449 quod
884 5381 987 5437 dietum
999 5389 1052 5449 cst,
1105 5381 1206 5451 ipsum,
1216 5383 1517 5455 quomodoproulmum
1531 5386 1698 5457 diligit‚cum
1708 5391 1822 5458 seipsum
1835 5396 1879 5437 nou

261 5470 358 5525 «sieut
368 5470 496 5539 teipsum,
514 5467 688 5525 »secundum
711 5466 917 5527 similitudinem
935 5480 1052 5542 tantum,
1103 5472 1201 5545 diligit.
1232 5474 1260 5529 Si
1275 5476 1348 5531 enim
1371 5479 1528 5547 proximum
1552 5496 1633 5537 suum
1656 5481 1744 5553 diligit
1765 5480 1880 5535 sieuise-

260 5562 316 5617 sisc
333 5562 416 5617 etlam
431 5562 581 5618 secundum
592 5559 774 5630 equalitatem
790 5562 994 5636 intelligendum
1005 5566 1051 5621 sit.
1103 5567 1205 5637 ipsum,
1223 5568 1346 5639 proiectu
1363 5572 1416 5626 lrou
1427 5572 1465 5628 illi
1478 5576 1553 5645 cupit
1566 5584 1594 5631 et
1607 5585 1684 5646 optat
1698 5578 1767 5647 quod
1783 5566 1882 5631 sintii

259 5650 327 5707 liam
341 5653 365 5708 si
380 5654 521 5723 proximos
544 5659 656 5705 nostros
673 5658 780 5709 tantum
801 5654 912 5727 diligere
923 5656 1053 5726 jubemur
1103 5669 1194 5716 autem
1208 5662 1261 5719 hoc
1274 5664 1313 5721 illi
1324 5668 1433 5723 euenire
1446 5668 1583 5725 desiderat
1596 5674 1669 5739 quod
1681 5669 1742 5735 silri,
1754 5662 1881 5738 quomodo

261 5754 392 5808 stratuum
406 5745 598 5817 nosmetipsos,
604 5746 712 5805 ridetur
722 5748 850 5819 quiddam
859 5750 1052 5820 scrupulosum
1103 5751 1177 5811 illius
1193 5756 1308 5813 salutem
1323 5758 1514 5831 desideratqui
1526 5776 1603 5817 suam
1615 5761 1789 5831 perditionem
1801 5760 1879 5825 optat.
