4017 6342
288 360 361 419 tosa
858 354 1024 413 usurum
1042 352 1190 411 sensns
1209 356 1239 413 s.
1258 352 1371 411 suasu
1855 357 1910 413 qq
1980 321 1981 382 ἕ

286 474 454 551 postulabat,
467 474 627 547 priusquam
642 488 703 531 eam
718 488 767 545 per
777 480 892 529 mortem
905 480 989 529 totam
1001 486 1084 528 exue·
1098 476 1122 533 Α
1134 472 1199 530 talis
1212 472 1328 541 dicitur,
1348 479 1375 527 et
1399 470 1428 526 ln
1452 486 1485 526 eo
1496 469 1570 541 quod
1581 468 1700 525 dabatm
1722 465 1880 525 immortalis
1889 484 1911 529 n

284 578 337 635 ret,
357 567 448 638 aliqua
467 580 502 621 ex
528 572 614 635 parte,
638 563 749 635 quando
771 562 868 629 voluit,
890 562 1029 633 deposuit,
1052 568 1081 618 et
1131 562 1311 635 impassibilis
1344 562 1430 617 luisse
1450 559 1634 632 praedicaturi
1657 556 1723 614 liaec
1750 566 1853 613 tantum
1878 563 1911 619 sie

284 674 407 725 rursum,
422 657 532 728 quando
547 656 643 722 voluit,
658 655 772 725 recepit,
788 662 818 710 ut
833 654 860 709 ln
874 654 926 711 boe
943 656 1003 725 ipso
1017 669 1081 725 pro-
1130 656 1203 711 dicta
1218 657 1283 723 sint,
1304 663 1335 710 ut
1346 653 1449 710 nemini
1466 654 1493 708 in
1506 668 1540 708 eo
1551 651 1625 723 quod
1636 650 1723 707 latent
1737 649 1910 722 praejudicium

284 748 361 804 buret
375 747 439 818 quia
454 746 482 801 in
497 755 630 817 quantum
644 760 705 801 eam
730 744 871 811 sustinuit,
895 761 929 799 es
958 746 1080 801 neeessl·
1130 748 1186 805 fiat.

285 848 409 896 tatenon
438 844 520 901 esset,
543 836 591 908 qui
620 836 661 892 sio
684 851 734 906 pro
748 844 883 907 potestate
905 834 932 890 in
946 845 1080 907 quantum
1339 847 1342 855 '
1399 850 1659 892 orutstosssuoms.

285 932 370 987 uoluit
382 946 443 989 eam
462 944 517 987 non
528 929 640 997 babere,
653 928 789 985 sustinere
802 928 914 984 omniuo
942 944 997 984 non
1017 943 1082 998 pos-
1166 931 1267 989 Verum
1283 944 1384 1003 corpus
1397 930 1500 985 Ciuisti
1518 929 1584 984 illud
1604 928 1692 984 luisse
1711 926 1867 984 credendum
1880 932 1910 987 sit

284 1034 336 1083 set.
1131 1027 1204 1098 quod
1214 1026 1273 1096 ipse
1287 1022 1413 1079 traditori
1426 1037 1478 1078 suo
1488 1036 1537 1091 per
1547 1021 1692 1076 intinctam
1703 1020 1849 1076 buccellam
1859 1039 1909 1092 por·

319 1115 431 1190 Legitur
440 1118 468 1173 in
482 1114 629 1188 Evangelio
643 1115 719 1187 (buc.
732 1114 840 1187 iniquia
854 1112 987 1170 Dominus
1000 1111 1081 1171 iesus
1132 1119 1211 1172 rexit.
1227 1116 1297 1172 Cum
1317 1115 1453 1177 tinxisset,
1468 1113 1567 1184 inquit,
1578 1110 1659 1167 iesus
1671 1127 1783 1181 panem,
1795 1111 1909 1169 deditiu-

281 1204 410 1264 Cbristus
421 1224 483 1263 cunr
501 1208 615 1262 uerbum
630 1208 692 1263 vitm
707 1196 878 1277 praedicaret,
895 1218 922 1263 et
947 1207 981 1261 ad
995 1205 1080 1261 uitam
1121 1200 1907 1275 ,daeSimonilscariotae.Seil„utdicitbeatusdugustinns,

283 1298 414 1355 mortales
437 1305 464 1354 et
494 1300 643 1355 morituros
671 1298 810 1365 invitaret,
839 1297 958 1354 zelantes
987 1298 1081 1356 bostes
1132 1294 1907 1368 non,sicutputantquidamnegligenterlegentes,tune
1983 1329 1985 1364 ι

283 1406 366 1461 quern
392 1391 499 1447 ratione
522 1392 631 1447 rirrccre
654 1407 708 1447 non
734 1398 871 1463 poterant,
897 1390 990 1447 lurore
1031 1407 1081 1447 er·
1131 1388 1217 1445 ludas
1244 1388 1483 1457 Claristiteorpus
1512 1386 1628 1456 aceepit.
1650 1384 1852 1458 iintelligendum
1872 1398 1908 1445 est
1983 1399 1984 1408 ¹

285 1484 426 1555 stinguere
439 1482 575 1539 uolebant.
603 1482 697 1556 ltaque
714 1485 793 1556 quasi
815 1484 842 1539 in
864 1498 927 1540 eum
950 1484 997 1555 qui
1013 1483 1083 1540 nibil
1132 1482 1206 1554 quod
1219 1480 1277 1553 jam
1291 1480 1422 1535 omnibus
1432 1478 1613 1535 distribuerat
1637 1489 1836 1535 sacramentum
1856 1495 1907 1535 cor·

284 1575 404 1646 ainplius
417 1577 532 1631 mortale
552 1576 674 1643 balteret,
699 1592 798 1632 manus
812 1576 967 1647 injecerunt
987 1576 1016 1631 in
1037 1574 1083 1632 Je-
1133 1575 1207 1647 porls
1218 1579 1247 1629 et
1258 1572 1402 1644 sanguinis
1417 1572 1470 1637 sul,
1486 1570 1533 1625 ubi
1548 1570 1647 1641 etipse
1660 1568 1749 1625 tonas
1765 1580 1830 1638 erat,
1848 1573 1907 1628 sieut

285 1676 398 1734 sum,ot
415 1668 595 1724 duxeruutin
630 1668 806 1739 supercilium
831 1668 944 1736 montis,
967 1678 997 1725 ut
1026 1668 1082 1725 illic
1133 1663 1344 1724 sanetusLueas
1357 1662 1563 1719 euidentissime
1586 1669 1689 1717 narrat.
1714 1663 1755 1718 Ac
1779 1662 1868 1718 deinde
1879 1668 1908 1719 ad

283 1778 347 1818 eum
375 1764 585 1833 praecipitarent.
606 1760 676 1817 Cum
702 1777 757 1817 non
784 1770 856 1818 esset
877 1761 1030 1829 ducendus,
1056 1770 1082 1817 te
1134 1761 1375 1822 boeuentumest,
1392 1756 1438 1811 ubi
1462 1754 1614 1811 secundum
1632 1754 1815 1809 rtarrationem
1836 1754 1909 1811 loan-
1984 1787 1986 1836 i

284 1854 342 1911 neri
373 1870 402 1911 se
436 1856 571 1926 patienter
601 1854 752 1922 tolerabat;
790 1869 854 1909 cum
882 1863 972 1910 autem
1008 1864 1083 1910 esset
1098 1823 1120 1879 B
1134 1850 1178 1906 uis
1193 1848 1366 1921 apertissime
1380 1862 1430 1918 per
1457 1845 1609 1902 bucceliam
1623 1846 1737 1902 tinctam
1758 1854 1834 1918 atque
1855 1864 1910 1917 por·
1984 1919 1985 1922 Ἴ

283 1946 643 2019 precipitaudus,potenter
664 1946 846 2018 permedium
875 1946 984 2003 illorum
1007 1947 1080 2002 ibat:
1132 1952 1237 2001 rectam
1264 1956 1347 1998 suum
1373 1940 1503 2011 exprimit
1528 1939 1700 2006 traditorem,
1725 1938 1909 2010 fortassis'pcr

284 2048 418 2111 qnantum
434 2041 520 2096 uoluit
539 2040 692 2109 tenebatur,
720 2048 748 2097 et
767 2049 901 2112 quantum
918 2040 1005 2097 voluit
1027 2055 1081 2095 oon
1133 2038 1213 2110 panis
1230 2035 1389 2091 tinctionem
1413 2034 1487 2089 iliius
1514 2032 1675 2105 significans
1699 2032 1844 2089 lletionem.
1859 2031 1909 2090 lion

285 2132 438 2197 tenebatur.
451 2130 591 2199 Quantum
606 2130 702 2199 uoluit,
719 2132 872 2203 siquando
889 2131 985 2200 volarit,
1001 2140 1082 2187 natu·
1133 2130 1207 2187 ertirn
1225 2128 1317 2183 omnia
1333 2139 1394 2197 quae
1411 2129 1554 2197 tinguntur
1569 2126 1732 2192 abluuntur,
1749 2126 1796 2181 sed
1815 2134 1844 2181 ut
1859 2125 1910 2179 inti-

285 2238 344 2278 ranr
372 2224 549 2281 mortalitatis
572 2224 691 2280 admisit.
718 2222 857 2291 Quantum
880 2232 971 2280 autem
998 2225 1084 2281 susti·
1133 2221 1242 2277 ciuntur
1263 2218 1396 2275 nonnulla
1420 2217 1573 2289 tinguntur.
1589 2214 1620 2271 Si
1646 2226 1740 2271 autem
1763 2214 1910 2271 bonamdi-
1985 2283 1986 2304 Χ

284 2314 536 2381 nereroluiteam,
552 2314 966 2386 etquandoroluitcamdema
987 2332 1017 2373 se
1033 2332 1083 2390 po·
1133 2314 1207 2387 quod
1223 2313 1359 2385 signiileat
1377 2310 1555 2377 bautinetio,
1574 2310 1664 2365 eidem
1687 2309 1762 2365 bono
1780 2312 1907 2381 ingratum,
1985 2309 1986 2384 ζ

285 2406 410 2462 testatiue
422 2408 547 2463 remouit.
565 2426 574 2460 ι
600 2404 761 2475 Transiens,
775 2407 874 2479 inquit,
898 2424 947 2479 per·
960 2410 1081 2465 medium
1133 2421 1190 2460 non
1206 2404 1344 2459 immerito
1359 2412 1401 2458 est
1412 2409 1506 2457 secuta
1517 2402 1674 2468 damnatio;
1690 2410 1719 2456 ct
1739 2400 1797 2457 bue
1816 2402 1908 2471 quidem
1985 2429 1986 2444 ι

286 2494 395 2553 illorum
410 2496 466 2553 ibat
476 2498 600 2571 illidi.»
616 2496 745 2570 Nunquid
762 2507 852 2569 putas,
868 2499 1083 2571 quodCbristus
1135 2496 1217 2553 rerba
1229 2494 1376 2552 suntbcati
1401 2492 1560 2565 Augustini,
1575 2509 1661 2563 super
1679 2508 1714 2547 eo
1731 2490 1804 2562 quod
1823 2492 1908 2562 quesi-

284 2588 415 2645 luctando
432 2604 462 2646 se
489 2589 524 2646 de
550 2592 678 2646 manibus
703 2590 878 2647 inimicorum
903 2592 1082 2661 subtraxerit,
1133 2598 1193 2646 turn
1208 2596 1251 2644 est
1261 2588 1284 2644 si
1300 2584 1385 2642 ludas
1400 2586 1429 2641 in
1446 2584 1570 2641 buccella
1584 2584 1689 2639 Christi
1702 2584 1906 2655 aceepiteorpns

284 2696 349 2739 cum
370 2681 406 2737 ab
426 2680 467 2739 eis
487 2692 638 2751 teneretur,
662 2690 692 2737 ut
715 2684 852 2741 transiens
874 2684 944 2741 liber
964 2702 1012 2757 per
1025 2703 1083 2744 rne-
1133 2680 1173 2737 Ex
1185 2696 1218 2737 eo
1234 2689 1325 2736 tamen
1340 2678 1414 2749 qnod
1437 2675 1562 2733 traditori
1586 2691 1638 2733 suo
1657 2674 1792 2732 Dominus
1811 2674 1908 2738 adsco-

284 2770 361 2831 dium
376 2788 473 2829 eorum
488 2774 559 2830 iret?
574 2774 646 2847 Ergo
667 2773 946 2849 tortitudoeorporis
971 2780 1030 2835 sola
1054 2780 1082 2835 in
1134 2774 1247 2830 tandum
1265 2787 1329 2829 eum
1350 2770 1500 2826 bucceliam
1525 2768 1671 2825 iratirrctam
1696 2767 1786 2829 dedit,
1809 2782 1906 2823 consue
1986 2803 1987 2810 .

284 2878 318 2921 ea
337 2863 473 2921 laudanda
486 2873 538 2931 ost,
551 2880 606 2921 non
618 2866 706 2923 uirtus
721 2866 840 2923 deitatis.
867 2866 927 2925 Nou
952 2870 990 2925 ita
1014 2885 1084 2926 con·
1134 2872 1201 2928 tudo
1214 2872 1296 2927 babet
1307 2878 1337 2926 ut
1350 2884 1452 2940 eorpus
1464 2866 1567 2924 Claristi
1591 2868 1687 2923 lideies
1705 2867 1842 2924 intinctum
1863 2882 1909 2921 noa
1986 2881 1987 2888 ¹

283 2956 371 3025 serait,
385 2958 433 3015 scd
450 2958 575 3015 eslribuit
590 2974 619 3015 se
637 2960 747 3032 qualem
770 2960 866 3027 uoluit,
889 2960 1036 3018 admittens
1048 2960 1083 3019 ad
1134 2964 1280 3034 accipiant.
1296 2960 1367 3017 Stant
1378 2975 1489 3033 quoque
1510 2967 1538 3016 et
1552 2958 1638 3030 aliqui
1652 2960 1702 3030 qui
1716 2975 1751 3015 er
1765 2958 1910 3032 quibusdam

285 3064 317 3107 se
336 3065 370 3107 ex
394 3066 428 3107 eo
450 3050 523 3122 quod
541 3059 638 3123 sponte
665 3052 791 3123 portabat
824 3062 957 3124 qnantum
983 3052 1080 3109 soluit.
1135 3056 1339 3127 seripturarum
1354 3054 1423 3112 locis
1441 3054 1469 3109 in
1480 3053 1683 3110 munimentum
1699 3055 1743 3110 sui
1756 3053 1852 3109 erroris
1867 3054 1912 3109 du·

287 3139 317 3197 Si
336 3158 402 3215 ergo
428 3142 555 3200 cbristus
575 3144 750 3201 mortalitatis
777 3153 904 3201 naturam
928 3146 1080 3202 secundum
1095 3182 1116 3241 c
1134 3164 1196 3206 cere
1211 3156 1386 3232 putauerunt,
1402 3146 1522 3203 dicentes
1532 3146 1558 3201 ln
1567 3156 1743 3203 sacramento
1753 3146 1842 3203 aitaris
1852 3145 1914 3200 reri·
1987 3173 1988 3190 ι

286 3232 420 3289 rationem
446 3232 660 3305 dispensationis
677 3234 786 3303 divine,
814 3235 975 3308 priusquam
1007 3252 1080 3305 οιιιι,
1134 3248 1217 3296 tatem
1230 3239 1352 3310 eorporis
1371 3247 1398 3293 et
1411 3237 1556 3309 sanguinis
1578 3237 1684 3293 Christi
1700 3253 1755 3293 non
1782 3252 1851 3303 esse,
1873 3236 1915 3291 sol
1987 3227 1988 3268 3

286 3328 442 3399 perenniter
462 3326 586 3383 uicturus
600 3336 722 3397 exueret,
737 3328 887 3385 seeundum
910 3338 1018 3401 tenipus
1032 3330 1082 3387 ali·
1133 3330 1280 3403 imaginem
1293 3330 1368 3387 illius
1386 3338 1505 3398 tantum,
1532 3338 1559 3386 et
1590 3330 1722 3401 speeiem,
1747 3338 1774 3385 et
1795 3330 1914 3399 ligoram.
1987 3351 1988 3362 ι

286 3418 398 3488 quaudo
411 3426 532 3490 exparte
551 3418 687 3490 deposuit,
708 3426 736 3475 et
760 3420 860 3475 iterum
888 3436 950 3477 cunt
974 3430 1082 3493 tempus
1131 3422 1290 3494 Propterea,
1306 3423 1371 3493 qnia
1385 3420 1527 3495 Scriptura
1544 3423 1691 3494 aliquoties
1705 3422 1779 3478 dieat
1803 3421 1831 3476 id
1849 3422 1916 3493 qnod

285 3508 452 3581 postulabat,
464 3511 624 3581 assumpsit,
636 3510 736 3566 mirum
747 3512 1082 3587 estsidieituraliquando
1132 3517 1161 3573 in
1179 3516 1347 3573 eucharistia
1363 3516 1459 3573 altaris
1483 3516 1579 3585 sumit,
1608 3516 1757 3587 imaginem
1777 3514 1849 3571 illius
1862 3530 1916 3570 esse

285 3617 337 3674 pro
351 3618 434 3658 eausa
455 3611 482 3658 et
505 3603 611 3658 ratione
625 3603 766 3675 temporis,
792 3604 941 3661 secundum
959 3606 1081 3678 aliquod,
1131 3608 1175 3666 sel
1190 3607 1319 3680 speciem,
1347 3607 1421 3681 quod
1444 3610 1473 3663 in
1498 3606 1711 3680 participatione
1737 3606 1839 3663 Christi
1859 3604 1913 3661 lesu

286 3699 419 3748 ettotam
445 3690 615 3764 deposuisse,
631 3692 659 3749 in
682 3710 736 3765 qua
761 3701 853 3751 tantm
881 3696 981 3765 adlrue,
1018 3714 1082 3754 cum
1132 3699 1307 3772 percipietur.
1329 3698 1382 3767 Qui
1410 3698 1532 3772 perlecto
1558 3698 1586 3754 in
1609 3699 1663 3754 lace
1674 3696 1780 3753 erroris
1801 3697 1913 3768 laqueum

287 3790 396 3854 tempus
421 3785 587 3857 postulabat,
599 3801 731 3857 passurus
742 3786 805 3844 luit.
818 3786 846 3843 Si
859 3803 924 3861 ergo
955 3789 1082 3848 bocessa
1133 3805 1188 3847 non
1202 3790 1400 3858 inciderent,si
1420 3791 1649 3847 reisacramcnta
1664 3788 1714 3844 Dei
1740 3799 1814 3845 recta
1834 3788 1914 3843 etbu-

287 3876 376 3947 potuit
389 3884 418 3933 ut
436 3877 494 3949 ipse
506 3878 626 3950 seipsum
641 3878 769 3937 manibus
791 3888 921 3953 gestaret,
947 3889 975 3938 et
997 3883 1083 3941 disci·
1133 3882 1192 3937 mili
1206 3882 1259 3939 llde
1274 3883 1456 3953 susciperent,
1471 3889 1519 3938 aut
1530 3880 1690 3951 Scripturas
1704 3879 1871 3937 conuenienti
1878 3881 1915 3932 iu·

286 3969 359 4040 pulis
374 3970 433 4026 siue
443 3974 619 4042 corruptione
635 3971 677 4029 sui
687 3972 821 4029 edendum
839 3974 989 4045 distribuit,
1000 3983 1029 4032 et
1040 3984 1082 4033 ta·
1132 3972 1281 4045 telligeutia
1304 3980 1465 4031 tractarent.
1488 3970 1568 4029 Nune
1587 3982 1680 4029 autern
1696 3972 1764 4045 quia
1788 3974 1815 4029 in
1833 3986 1914 4027 saera

286 4075 349 4116 meu
373 4060 488 4133 ipsequi
503 4063 612 4119 deditet
632 4063 679 4135 qui
704 4063 830 4133 dabatur,
845 4066 894 4137 qui
918 4066 1036 4139 portavit
1055 4077 1083 4124 et
1133 4065 1233 4128 ruentis
1261 4063 1309 4123 [iel
1347 4080 1460 4123 sensuro
1496 4080 1578 4123 suum
1607 4066 1670 4122 tidei
1709 4064 1862 4137 praeierunt,
1890 4064 1914 4119 ia

286 4150 334 4221 qui
350 4152 522 4223 portabatur,
538 4153 609 4210 idem
621 4168 693 4221 esse,
710 4156 775 4228 quid
787 4158 887 4213 nrirum
905 4169 948 4216 est
972 4161 995 4219 si
1010 4160 1081 4219 dici.
1133 4154 1284 4228 Scripturis
1294 4156 1381 4213 sacris
1395 4170 1490 4213 miram
1507 4155 1744 4228 interpretationis
1759 4154 1868 4211 torma·
1879 4164 1914 4210 te·

287 4250 333 4297 tur
344 4243 408 4315 quia
424 4242 482 4315 ipse
497 4244 526 4300 in
541 4260 574 4302 eo
589 4246 663 4319 quod
676 4246 760 4304 dabat
773 4250 899 4309 mortalis
917 4250 978 4321 luit,
1011 4262 1039 4310 et
1054 4255 1081 4311 iq
1133 4262 1200 4305 uere
1225 4256 1408 4304 contemnunt
1427 4267 1434 4304 τ
1456 4258 1483 4305 et
1498 4246 1529 4304 lit
1556 4256 1588 4304 ut
1615 4264 1711 4305 sermo
1724 4249 1845 4305 ueritatis
1865 4263 1915 4303 am·

286 4336 405 4406 eoquod
417 4337 534 4393 dabatur
549 4338 713 4398 immortalis
724 4340 786 4410 tuit,
798 4354 826 4400 er
844 4352 935 4400 samen
961 4345 1020 4417 ipse
1034 4348 1081 4419 qut
1133 4340 1206 4413 plius
1220 4340 1398 4413 roscatigare
1416 4339 1509 4408 tactas,
1524 4340 1590 4396 uum
1608 4356 1665 4396 nou
1683 4340 1914 4398 musaraneus

287 4426 412 4483 morulis
434 4428 527 4497 dabar,
553 4437 581 4486 et
602 4432 650 4502 qui
675 4433 839 4492 inmortalis
872 4436 1000 4507 dabatur,
1025 4454 1080 4496 non
1133 4445 1256 4487 orreum
1272 4431 1473 4502 resuscitatem
1485 4430 1634 4487 ministrat·
1649 4430 1731 4499 Quor
1746 4440 1834 4487 num
1852 4430 1917 4485 snt

285 4513 352 4585 dno,
366 4517 498 4576 sedunus
510 4518 562 4577 luit
574 4520 643 4591 ipsc.
658 4520 801 4591 Quomodo
820 4524 893 4583 enim
917 4528 1082 4588 immortalis
1097 4532 1120 4588 D
1134 4532 1222 4596 pturar
1236 4525 1316 4596 culpa
1330 4532 1449 4592 nonest,
1463 4524 1513 4581 sed
1538 4524 1688 4596 legentium
1703 4534 1733 4582 et
1747 4540 1803 4581 non
1826 4525 1916 4581 inteib·

286 4620 343 4663 non
367 4607 449 4665 dabat
475 4610 523 4681 qui
555 4610 730 4671 invisibiliter
754 4616 924 4688 sumebatur,
944 4628 972 4676 et
989 4620 1082 4676 incor·
1134 4616 1255 4690 gentium
1277 4616 1396 4684 caecitas,
1424 4632 1514 4688 neque
1542 4631 1686 4672 sacrorum
1713 4614 1762 4672 liei
1792 4616 1916 4679 conlusio,

287 4702 454 4773 ruptibiliter
468 4703 703 4763 manducabatur?
719 4706 894 4767 invisibiliter
909 4711 1081 4780 sumebatur,
1134 4710 1182 4767 sed
1193 4708 1418 4780 praesumentium
1433 4709 1565 4781 prauitas.
1578 4706 1629 4764 liic
1654 4715 1748 4764 autem
1776 4709 1919 4779 perniciose

287 4804 421 4863 quantum
436 4796 468 4852 ad
485 4795 602 4853 formam
628 4798 691 4855 dico
709 4800 849 4872 propriam
874 4804 999 4875 corporis
1028 4805 1081 4872 sui,
1134 4806 1295 4855 erraverunt
1319 4806 1360 4854 tot
1387 4797 1541 4855 manifestis
1559 4798 1703 4855 sententiis
1717 4810 1747 4854 et
1771 4799 1920 4854 assertioni·

287 4898 342 4941 non
354 4895 488 4957 quantum
500 4887 535 4943 ad
550 4890 669 4960 speciem
690 4890 855 4947 sacramenti
875 4893 929 4949 stri.
957 4892 1083 4951 inuisibi-
1134 4892 1186 4949 bus
1203 4908 1259 4947 nou
1270 4892 1362 4949 dubiis
1376 4890 1488 4964 quidam
1504 4892 1634 4964 ambigua
1648 4890 1837 4964 preferentes,
1858 4903 1884 4945 et
1896 4893 1920 4945 iu

287 4976 348 5031 liter
363 4978 436 5033 enirn
454 4980 615 5037 sumebatur
631 4982 697 5054 quia
724 4982 752 5038 ln
769 4998 803 5039 eo
823 4984 895 5055 quod
921 4986 1083 5042 sumebatur
1134 4982 1202 5054 ipsis
1223 4983 1312 5055 magis
1340 4982 1514 5039 mendacium
1549 4998 1632 5054 quam
1659 4984 1802 5041 ueritatem
1827 4984 1922 5054 eligen-

287 5066 361 5137 qnod
383 5066 441 5137 ipse
463 5077 532 5138 erat,
553 5072 777 5129 nonridebatur:
789 5072 917 5130 cbristus
937 5074 1011 5131 enim
1035 5092 1084 5133 sn·
1135 5087 1253 5145 tes,non
1270 5076 1335 5147 quia
1349 5076 1403 5132 boc
1415 5076 1452 5131 ibi
1470 5090 1600 5147 magnum
1620 5076 1776 5143 dicebatur,
1800 5075 1849 5131 sed
1864 5076 1922 5145 qaia

289 5158 425 5227 utebatur,
443 5168 471 5216 et
482 5161 586 5232 speeies
602 5164 684 5235 panis
706 5172 734 5220 et
760 5163 817 5219 uini
842 5172 949 5221 tantum
970 5167 1084 5225 rideba-
1134 5168 1188 5224 boc
1204 5168 1238 5224 ab
1251 5168 1306 5224 illis
1323 5182 1453 5241 magnum
1466 5168 1638 5224 credebatur.
1654 5167 1727 5235 Quid
1739 5168 1830 5224 enimi
1851 5166 1924 5221 ilun-

286 5258 344 5305 tur.
358 5248 420 5306 ideo
433 5250 495 5308 dico
513 5252 688 5311 invisibiliter
699 5256 871 5327 sumebatur,
891 5268 919 5315 et
935 5260 1084 5332 quoderat
1133 5260 1200 5332 quid
1215 5269 1419 5317 sacramentum
1442 5260 1537 5317 altaris
1551 5260 1675 5317 veritatis
1701 5276 1758 5316 nou
1781 5270 1835 5325 est.
1863 5260 1924 5331 qnia

288 5356 344 5398 non
361 5342 515 5401 ridebatur.
531 5345 562 5402 Si
579 5361 645 5418 ergo
657 5347 686 5403 in
697 5362 730 5405 eo
745 5348 818 5421 quod
830 5350 924 5419 dabat,
939 5352 1014 5423 quod
1026 5352 1084 5425 ipse
1134 5354 1238 5425 ligura?
1262 5353 1335 5427 Ergo
1360 5368 1413 5411 nec
1433 5368 1510 5409 mors
1534 5352 1637 5410 Gliristl
1657 5355 1760 5411 veritas
1779 5361 1842 5421 est,
1865 5351 1924 5425 quia

288 5440 350 5490 erat
373 5435 527 5505 ridebatur,
548 5446 575 5494 ot
601 5438 628 5493 in
650 5437 767 5511 eoquod
793 5439 908 5496 dabatur
935 5442 1084 5513 quoderat
1134 5447 1222 5518 ligura
1235 5455 1293 5515 est;
1317 5457 1344 5504 et
1367 5445 1533 5503 resurreetio
1559 5444 1661 5501 Christi
1682 5447 1787 5503 ueritas
1804 5456 1925 5511 nonest,

290 5526 351 5599 lpse
376 5543 432 5585 non
449 5530 607 5600 ridebatur,
625 5530 688 5588 etsi
704 5531 732 5587 in
755 5534 874 5603 eoquod
894 5532 978 5590 dabat
1010 5542 1085 5592 tene·
1135 5538 1200 5608 quia
1218 5537 1305 5610 ligura
1319 5546 1372 5595 est.
1386 5535 1456 5593 llam
1476 5544 1627 5594 etmortem
1638 5536 1743 5595 Cbristi
1762 5546 1791 5595 et
1804 5553 1927 5594 resurre-
1987 5583 1988 5588 ,

291 5618 373 5678 batur
383 5628 410 5677 et
420 5622 648 5697 crucilgebatur;
663 5631 690 5681 et
705 5624 733 5681 in
744 5638 778 5681 eo
792 5626 866 5697 quod
877 5626 994 5683 dabatur
1009 5626 1085 5684 lran·
1136 5632 1254 5687 ctionem
1268 5632 1383 5704 liguram
1401 5646 1472 5695 esse,
1484 5640 1510 5686 et
1525 5630 1670 5702 imaginem
1683 5640 1711 5687 et
1719 5630 1926 5687 similitudinem
1987 5623 1988 5676 l

292 5711 510 5780 gebaturetnon
538 5714 721 5779 diuidebatur,
739 5714 871 5771 edebatur
888 5726 916 5773 et
939 5732 994 5775 non
1024 5734 1085 5776 eor·
1136 5734 1162 5781 et
1177 5733 1377 5781 sacramentum
1395 5732 1423 5780 et
1448 5724 1600 5796 exemplum
1621 5724 1928 5794 Apostolusmanileste

293 5803 483 5874 rumpebatur,
499 5806 564 5879 quid
576 5806 686 5865 miraris
702 5807 723 5865 si
739 5808 766 5865 in
786 5824 819 5867 eo
830 5811 903 5884 quod
914 5811 996 5870 dabat
1011 5826 1085 5870 mor·
1136 5818 1269 5889 declarat,
1280 5817 1392 5875 dicens:
1405 5814 1635 5889 cbristuspussus
1648 5824 1691 5874 est
1705 5830 1756 5891 puo
1772 5817 1871 5887 nobis,
1886 5833 1930 5873 ro·
