4017 6342
224 325 294 381 „33
786 235 999 344 W⁴¹⁸2¹taunr
1016 289 1162 348 iocaris
1180 289 1210 346 s.
1231 287 1342 346 ocasu
1828 277 1902 346 'tiso
1990 237 1991 278 ³

229 434 304 508 quod
328 431 407 488 lallar
426 419 570 482 mordendo
591 418 618 468 et
637 359 800 484 mentiendi
838 383 972 458 nitatur
988 403 1057 460 inie-
1070 413 1094 466 d
1107 404 1275 472 existimant,
1288 403 1330 460 rel
1341 401 1413 460 sieut
1429 401 1467 458 illi
1480 401 1528 473 qni
1542 401 1639 458 dieunt
1654 400 1682 456 iu
1704 401 1758 458 ilde
1773 406 1906 460 manenti-

232 536 307 584 stare
319 521 479 594 proximum.
489 509 565 568 llnde
580 484 730 574 apostolus
744 464 800 567 Ἧι]
823 481 842 518 ⁸
870 477 911 544 Si
926 496 1057 554 mordetis
1106 497 1169 566 bus,
1180 496 1308 569 quamuis
1329 495 1478 552 carnaliter
1491 495 1597 562 rirant,
1616 509 1671 550 non
1684 509 1766 564 posse
1779 495 1905 566 imputari

236 625 266 672 ει
277 611 416 670 comeditis
429 605 553 668 latricem,
565 597 652 653 ridete
666 595 702 642 ¹¹0
721 565 758 626 ‘ib
778 565 933 642 ”meent
957 605 1057 646 consu·
1106 599 1228 661 peccata.
1240 589 1269 646 ln
1292 589 1422 648 cicatrice
1445 587 1535 644 sanati
1550 587 1652 644 ulceris
1678 588 1783 657 lepram
1806 597 1905 658 portat,
1990 655 1991 678 χ

238 703 352 761 memini
367 699 438 772 (Gul.
453 697 491 766 ul.
508 692 638 748 adanam
658 662 840 754 praeoei’mm
874 688 947 737 est:
967 701 976 735 r
996 681 1056 738 Non
1106 679 1154 750 qui
1170 679 1427 752 postcognitionem
1450 688 1476 736 et
1494 678 1662 736 medicinam
1686 677 1777 734 lleiet
1792 680 1905 736 manile-
1990 725 1991 728 ,

240 793 418 864 concupisces
431 805 488 846 rent
498 783 613 858 prorirni
632 777 673 834 tui
685 752 787 842 (Exoli-
798 759 881 832 ¹¹)-
902 790 913 824 a
928 773 997 832 ilnie
1008 790 1057 846 op·
1107 773 1253 828 stationem
1271 772 1334 829 ddei
1348 787 1432 844 quarn
1445 789 1461 828 a
1474 771 1588 827 Christo
1610 772 1743 842 suscepit,
1757 787 1855 830 rursus
1882 776 1906 832 in

243 883 333 954 posita
357 889 400 936 est
423 887 520 934 octaua
543 875 642 946 plaga,
666 856 775 923 seilicet
795 839 912 918 densae
927 865 1055 920 tenebrae.
1107 864 1166 935 ipsa
1183 864 1310 922 cicatrice
1324 865 1430 922 accedit
1449 865 1483 920 ad
1507 864 1620 934 aliquod
1633 863 1738 919 erroris
1748 865 1850 935 prioris
1866 867 1907 922 in·

245 972 324 1040 Quod
339 966 510 1038 significatio
527 961 645 1020 tenebris
655 969 716 1014 esse
741 951 770 1002 ci
783 934 817 996 id
837 957 967 1011 aeternas
979 963 1055 1010 tene·
1107 958 1221 1027 dicium,
1244 958 1335 1014 autad
1348 957 1490 1029 perfidiam
1506 957 1606 1013 ueteris
1618 956 1768 1026 dogmatis.
1784 956 1813 1012 in
1828 974 1907 1016 earne

245 1062 312 1118 bras
324 1057 436 1116 tendere
446 1056 494 1127 qui
511 1053 585 1126 qnod
596 1051 716 1108 sibinen
729 1030 878 1118 ιιιῑῑιῖἱθε
898 1046 945 1101 alii
967 1046 1057 1102 media
1107 1050 1167 1104 rire
1181 1055 1288 1120 gestant
1301 1049 1415 1120 lepram,
1427 1049 1474 1119 qui
1491 1048 1525 1104 de
1545 1048 1638 1103 anima
1658 1063 1722 1119 quae
1732 1048 1789 1104 rita
1803 1060 1845 1106 est
1857 1051 1906 1106 ali·

249 1161 325 1208 tator
336 1149 447 1207 inferre.
460 1147 601 1204 Decimum
614 1147 779 1216 preceptum
789 1136 834 1186 est
854 1154 863 1191 ς
887 1158 897 1191 r
911 1138 970 1196 Non
984 1137 1059 1194 desi-
1108 1141 1180 1210 quod
1193 1139 1291 1196 salsum
1303 1140 1471 1207 existimant,
1488 1139 1561 1196 sieut
1572 1140 1610 1194 iili
1620 1138 1668 1209 qtd
1679 1138 1779 1194 dicunt
1789 1141 1906 1198 animam
1990 1191 1991 1196 ,

251 1242 363 1300 derabis
377 1255 493 1296 atrorem
516 1235 636 1309 proximi
660 1234 701 1291 tui
723 1226 826 1302 (loia).
851 1226 915 1287 Non
935 1246 1056 1295 serrum,
1108 1229 1244 1286 decaniis
1257 1230 1410 1286 substantia
1425 1239 1617 1301 propagatam,
1631 1240 1660 1286 ct
1682 1232 1756 1288 sicut
1778 1231 1826 1302 qui
1848 1232 1906 1287 ani·
1990 1229 1991 1250 *

253 1351 310 1392 non
321 1332 459 1388 ancillam.
475 1351 485 1383 r
504 1329 573 1385 lluic
586 1334 723 1398 praecepto
741 1323 885 1378 contraria
896 1334 938 1380 est
951 1324 1058 1380 decima
1108 1336 1181 1376 mam
1196 1321 1278 1376 simul
1299 1337 1361 1376 cum
1377 1336 1493 1390 corpore
1515 1322 1587 1378 mori
1611 1329 1719 1392 putant.
1734 1321 1766 1376 ln
1784 1321 1906 1378 cicatrice

253 1427 345 1498 lilaea,
358 1425 464 1482 seilicet
485 1438 561 1478 mors
578 1418 835 1491 primogenitorum.
851 1414 931 1484 Quod
952 1414 1059 1486 signili·
1108 1413 1227 1468 ustionis
1242 1411 1345 1482 lepram
1364 1410 1465 1466 habent
1486 1410 1641 1479 Manichaei,
1658 1413 1707 1483 qui
1727 1412 1806 1468 inani
1826 1413 1905 1468 absti-

255 1526 302 1572 εει
316 1515 391 1586 quod
407 1515 454 1586 qui
465 1514 562 1570 volunt
575 1510 747 1568 ltaereditarie
760 1506 851 1562 aliena
868 1507 1018 1579 possidere,
1031 1515 1058 1562 et
1108 1503 1208 1560 iteratim
1225 1504 1347 1558 cruciatu
1363 1517 1478 1573 corpora
1493 1517 1544 1558 sua
1565 1512 1699 1570 exurunt,
1709 1512 1737 1559 ct
1751 1519 1801 1574 per
1816 1503 1904 1558 iuddc-

256 1606 414 1662 desiderant
434 1613 550 1659 mortem
575 1609 795 1656 momentaneam
811 1597 940 1663 aliorum,
966 1597 1058 1651 incur·
1108 1595 1211 1649 litatem
1233 1609 1288 1649 non
1304 1594 1485 1658 mumditiam,
1501 1593 1548 1650 sed
1573 1595 1677 1665 lepram
1705 1595 1770 1649 inde
1783 1595 1902 1666 gignunt.

256 1701 324 1746 runt
335 1701 478 1746 mutuam.
494 1687 542 1744 llis
558 1688 652 1742 decem
668 1685 757 1756 plagis
771 1699 821 1753 pro
839 1683 1057 1755 transgressione
1109 1685 1147 1740 De
1162 1687 1261 1744 tulllius
1274 1687 1347 1740 enim
1367 1687 1432 1742 dicit
1444 1686 1591 1756 Apostolus
1609 1707 1615 1742 :
1632 1707 1641 1739 i
1662 1686 1823 1753 Discedent,
1838 1706 1847 1738 r
1863 1688 1903 1741 in·

256 1767 351 1840 decem
368 1789 567 1852 praeceptorum
584 1778 651 1850 legis
663 1783 742 1832 crant
763 1774 889 1830 homines
912 1775 1056 1840 rtracnlosi,
1072 1755 1094 1810 Β
1108 1779 1177 1849 quit,
1195 1798 1204 1828 r
1219 1777 1361 1848 quidama
1382 1776 1445 1844 dde,
1459 1777 1630 1834 attendentes
1646 1778 1793 1848 spiritibus
1807 1779 1901 1834 erroris

258 1885 286 1931 et
304 1875 383 1946 qnasi
399 1891 432 1928 ex
457 1871 638 1944 percussione
662 1883 759 1923 earum
782 1867 893 1938 leprosi.
909 1866 1058 1933 Qatiado·
1108 1877 1136 1926 et
1150 1868 1282 1923 doctrinis
1306 1867 1516 1936 daenmniorum,
1536 1867 1564 1922 iu
1592 1868 1736 1940 hypocrisi
1769 1869 1900 1936 loquentes
1990 1857 1991 1862 ἵ

261 1967 337 2023 mino
351 1967 387 2022 ad
399 1964 555 2021 sacerdotes
566 1961 748 2027 destinantur,
760 1959 807 2015 sed
827 1959 854 2014 in
870 1959 967 2013 itinere
980 1973 1058 2014 mun-
1108 1961 1347 2028 merrdaeinm‚et
1372 1960 1551 2016 cauteriatam
1576 1975 1657 2016 snam
1687 1960 1822 2016 habemas
1843 1973 1900 2015 eon·
1990 2009 1991 2012 Ἴ

259 2051 511 2126 dantur,qniadum
520 2047 1057 2124 peccatorcsdclietasuacontitetiadsa-

258 2139 1057 2213 cerdotescurrunt,protinusreniamdecommissisbabc·

256 2241 336 2297 burte.
350 2239 427 2296 Unus
437 2240 484 2310 qui
507 2254 557 2310 pro
569 2238 685 2294 sanitate
696 2244 786 2309 grates
797 2237 935 2292 retulitest
945 2235 1057 2292 catboli-

1108 2053 1262 2116 scientiam,
1282 2050 1456 2122 prohibentes
1471 2051 1590 2118 trabere,
1609 2062 1637 2106 et
1653 2051 1796 2107 abstinere
1813 2051 1901 2105 acilia

1108 2159 1178 2215 quos
1191 2145 1263 2199 licus
1280 2141 1383 2198 crearit
1396 2140 1422 2212 (l
1440 2140 1509 2197 Tine.
1527 2141 1575 2210 rr).
1592 2160 1602 2193 r

1144 2233 1197 2290 Sed
1210 2233 1300 2289 adbuc
1314 2233 1407 2304 adjicit
1421 2233 1527 2288 colores
1543 2232 1698 2302 leprarum,
1718 2232 1746 2287 id
1766 2241 1808 2288 est
1824 2231 1897 2301 palli-

255 2348 308 2388 ous
315 2330 635 2403 populusquiprosalute
647 2345 697 2384 stra
706 2328 809 2399 jugiter
820 2326 1055 2398 Deogratiasagit.
1107 2328 1182 2393 dant,
1198 2327 1353 2392 rubentem,
1370 2324 1604 2393 albana,liridam,
1621 2325 1744 2394 mgnum,
1762 2323 1901 2379 dore-scen·
1990 2393 1991 2402 ἶ

274 2497 278 2502 .
486 2420 525 2475 Dc
536 2437 582 2475 sce
593 2419 727 2489 speciebus
739 2420 829 2490 lepre.
1080 2421 1083 2428 ’
1107 2429 1162 2476 tem
1181 2419 1275 2492 (berit.
1293 2419 1366 2490 aur).
1383 2415 1476 2488 ltaque
1494 2417 1559 2472 dum
1574 2416 1705 2486 pallidam
1725 2415 1831 2486 lepram
1845 2416 1902 2471 dicit
1990 2407 1991 2416 ’

296 2534 306 2567 r
325 2511 412 2568 llrrmo
424 2513 451 2568 in
464 2512 545 2584 cujus
559 2528 641 2567 earne
655 2518 682 2566 et
697 2520 760 2567 cute
772 2520 851 2566 ortus
870 2509 954 2566 inerit
966 2511 1057 2567 diver·
1108 2511 1272 2568 imbecillem
1296 2520 1323 2565 ct
1342 2509 1466 2580 fragilem
1492 2509 1573 2565 tidem
1598 2510 1685 2564 animi
1705 2509 1832 2574 denotat,
1848 2524 1900 2578 qua

257 2623 307 2664 sus
319 2605 396 2662 color
414 2604 474 2659 sine
494 2605 615 2675 pustula,
628 2603 668 2659 rel
688 2605 767 2674 quasi
790 2605 883 2660 lucens
903 2604 1055 2674 quidpiam,
1107 2602 1216 2673 prodito
1229 2599 1322 2656 colore
1343 2600 1481 2670 nigritatis
1499 2599 1603 2655 erroris
1620 2599 1785 2654 indemitate
1799 2600 1900 2670 larigna·

258 2698 287 2754 id
299 2707 342 2754 est
354 2695 432 2768 plaga
444 2697 536 2766 leprae,
561 2696 712 2752 aildueetur
726 2696 760 2751 ad
779 2694 870 2750 daron
887 2696 1056 2751 sacerdotem
1108 2693 1169 2749 soit.
1186 2690 1256 2746 Cum
1275 2699 1366 2746 autem
1390 2691 1570 2746 rubicundam
1594 2691 1700 2762 lepram
1717 2691 1839 2746 ostendit
1856 2692 1900 2746 bo·
1990 2727 1991 2760 3

256 2787 301 2845 rel
311 2787 547 2860 unumquemlibet
567 2786 686 2840 liliorum
701 2786 771 2857 ejus.
788 2785 910 2856 Quisque
935 2801 999 2842 cum
1015 2787 1056 2842 ri·
1108 2781 1210 2838 micidii
1225 2795 1323 2836 cruere
1342 2778 1458 2836 iniectos
1481 2779 1593 2836 denotat
1614 2790 1642 2836 et
1668 2780 1742 2848 urit;
1766 2797 1827 2837 cum
1842 2797 1899 2836 rere
1990 2771 1991 2818 i

256 2879 328 2935 derit
338 2879 441 2950 lepram
453 2878 481 2932 in
494 2885 569 2945 cute,
578 2886 605 2933 et
619 2876 690 2949 pilos
703 2877 731 2931 in
743 2876 806 2932 albo
830 2883 950 2932 mutatos
964 2877 1057 2934 colore
1107 2875 1208 2943 albam,
1224 2874 1286 2930 illos
1300 2873 1347 2944 qui
1362 2888 1392 2928 se
1406 2872 1526 2928 mundos
1540 2873 1690 2944 appellant,
1709 2874 1770 2930 sire
1786 2873 1844 2929 illos
1857 2874 1898 2945 qui

256 2972 333 3043 lepra
347 2979 400 3038 est,
412 2979 440 3026 ct
459 2969 495 3026 ad
520 2968 665 3024 arbit-rium
691 2968 751 3038 ejus
775 2967 1055 3039 superabundent.
1107 2967 1140 3023 de
1155 2965 1225 3022 laiso
1239 2965 1338 3022 merito
1352 2965 1513 3037 gloriantur.
1529 2964 1599 3021 Com
1612 2965 1704 3022 albam
1728 2968 1772 3024 rel
1795 2967 1899 3022 lividam

256 3065 330 3136 arn).
349 3062 461 3134 »Lepra
475 3061 577 3135 quippe
590 3060 714 3117 doctrina
727 3059 796 3116 falsa
812 3069 863 3116 est.
881 3059 999 3116 Proinde
1015 3059 1056 3114 le·
1070 3101 1091 3158 C
1108 3061 1211 3130 lepram
1225 3065 1432 3124 commemorat,
1444 3055 1553 3112 inuidiae
1563 3058 1606 3114 rel
1617 3058 1714 3114 liroris
1723 3069 1804 3113 notas
1813 3059 1901 3129 expri-

257 3154 334 3225 prosi
356 3169 412 3209 non
434 3153 554 3208 absurde
569 3150 757 3222 intelliguntur
771 3151 890 3206 baeretici
905 3150 952 3221 qui
966 3151 1057 3206 uirita-

256 3256 312 3301 tem
330 3261 401 3301 uerae
420 3244 483 3300 idei
498 3259 552 3300 non
569 3243 700 3299 babentes
711 3242 802 3298 uarias
814 3241 953 3297 doctrinas
969 3241 1051 3310 prod·

257 3345 350 3392 tentum
364 3351 483 3407 seraque
499 3333 575 3390 falsis
590 3334 743 3390 admiscent
757 3351 764 3387 ε
779 3335 851 3388 sicut
866 3336 897 3401 ζει
915 3331 990 3401 lepra
1010 3347 1057 3388 rc·

256 3427 297 3484 ris
322 3428 453 3500 falsisque
471 3427 539 3484 locis
562 3428 683 3484 bantana
702 3440 818 3494 corpora
831 3423 962 3479 variando
977 3439 1055 3479 cotn-

256 3523 386 3580 praeolat.
401 3522 489 3594 liujus
503 3523 607 3578 scilicet
633 3522 715 3591 leprae
738 3519 893 3574 amouimus
915 3519 1055 3591 legislato-

256 3630 314 3670 rem
328 3629 376 3669 ser
388 3612 493 3683 species
508 3613 535 3666 in
549 3610 660 3666 bomine
669 3609 794 3680 posuisse
807 3626 814 3664 :
825 3608 941 3678 primam
957 3610 1057 3679 eapitis

255 3695 284 3759 ct
295 3704 398 3770 barbe,
414 3702 562 3758 secundam
576 3699 677 3757 caluitii
691 3709 718 3755 et
732 3698 930 3768 comisationis,
945 3700 1053 3756 tertiam

255 3794 349 3851 cantis
360 3801 387 3849 et
398 3793 480 3860 eutis,
491 3800 618 3864 quartam
637 3793 709 3848 cutis
725 3800 753 3848 ct
768 3791 892 3864 corporis
905 3800 933 3847 et
945 3793 1055 3848 cicatri-

256 3885 382 3942 elsatan
404 3883 597 3949 eumruborc;
614 3884 738 3955 quintam
766 3885 866 3940 ulceris
889 3896 917 3939 et
944 3885 1054 3940 cicatri-

1108 3153 1168 3208 mit.
1183 3151 1252 3207 Cum
1269 3166 1334 3207 uero
1346 3151 1453 3222 nigram
1479 3149 1614 3217 insinuat,
1629 3149 1831 3206 sacrificiorum
1848 3151 1902 3206 iur-

1107 3260 1144 3301 no
1158 3254 1185 3302 ct
1196 3245 1278 3301 busto
1286 3243 1450 3300 idololatriae
1464 3243 1635 3314 denigratam
1650 3244 1900 3300 conscientiamde·

1107 3345 1239 3404 testatum
1256 3350 1319 3391 cum
1336 3333 1537 3401 florescentem,
1552 3342 1611 3389 toto
1625 3349 1751 3405 corpore,
1765 3342 1795 3390 et
1806 3349 1899 3406 coope-
1990 3411 1991 3416 ἵ

1107 3427 1222 3484 rientem
1234 3425 1390 3498 pelliculam
1412 3425 1538 3496 corporis
1557 3441 1572 3480 a
1588 3426 1677 3496 capite
1700 3441 1792 3497 usque
1810 3427 1843 3482 ad
1857 3442 1900 3496 pe·

1107 3517 1156 3573 des
1169 3517 1245 3584 dicit,
1260 3517 1381 3572 avaritiae
1394 3516 1497 3572 crimen
1518 3517 1649 3585 ostendit,
1664 3519 1732 3588 quia
1755 3535 1818 3574 cum
1833 3518 1899 3574 dori·

1106 3607 1172 3662 dum
1187 3617 1213 3664 et
1224 3607 1376 3678 jucundum
1393 3607 1531 3662 hominem
1548 3617 1647 3680 putant
1668 3609 1781 3666 felicem
1796 3625 1855 3665 csse
1872 3611 1896 3664 in

1106 3699 1159 3756 hoc
1186 3697 1451 3770 mundoctdiritcm
1474 3699 1569 3767 rideri,
1594 3708 1659 3756 tunc
1682 3705 1770 3772 pest's
1786 3702 1898 3756 araritie

1106 3807 1189 3847 omne
1211 3807 1297 3863 genus
1315 3790 1457 3846 bominum
1472 3791 1551 3861 qnasi
1568 3800 1656 3848 totum
1680 3809 1787 3864 corpus
1808 3795 1897 3850 crebro

1104 3883 1207 3939 erroris
1221 3881 1294 3937 iilius
1306 3881 1434 3951 contagio
1451 3884 1643 3938 commaculat.
1662 3883 1735 3940 Cum
1753 3893 1843 3940 autem
1861 3885 1896 3940 le·

1104 3989 1182 4045 pram
1200 3971 1282 4028 babet
1296 3986 1358 4028 cnm
1374 3973 1476 4028 rubore
1492 3981 1519 4028 et
1533 3973 1636 4043 pallore
1647 3977 1823 4045 permistam,
1839 3991 1896 4032 eum

1105 4067 1243 4123 ltonrinem
1259 4065 1371 4122 denotat
1393 4068 1451 4135 qui,
1467 4081 1529 4120 curn
1550 4067 1588 4122 sit
1603 4066 1753 4124 imbecillis
1769 4069 1858 4124 animo
1871 4078 1896 4123 ει

1104 4157 1233 4226 mendax,
1257 4155 1337 4213 facile
1361 4156 1389 4212 in
1416 4155 1537 4212 iurarem
1561 4161 1768 4230 prorumpit,et
1795 4162 1893 4216 leuitate
1990 4167 1991 4222 ἶ

255 4257 325 4312 stus.
341 4253 418 4309 lianc
434 4253 539 4324 lepram
566 4251 722 4308 babuerunt
745 4248 843 4318 iudei,
856 4249 1050 4319 Valentiniani,
1104 4265 1168 4304 mox
1187 4247 1266 4304 facilc
1280 4247 1392 4317 petulat.
1407 4245 1500 4301 Pallor
1515 4249 1694 4304 attendentem
1715 4251 1838 4322 lingnam
1861 4252 1893 4306 si·
1990 4245 1991 4256 ¹

254 4347 462 4403 dardaniae
475 4342 614 4400 Fotiidani
628 4362 635 4399 ε
649 4343 697 4414 qui
713 4357 811 4400 omnes
834 4343 861 4398 in
883 4344 992 4400 calvitio
1012 4345 1051 4399 le·
1104 4340 1224 4410 girilieat,
1245 4338 1330 4392 rubor
1350 4353 1415 4394 rcro
1440 4338 1621 4396 iracundiam.
1642 4339 1692 4397 Est
1711 4351 1805 4398 autern
1828 4344 1891 4412 lepra

253 4455 331 4508 pram
348 4447 456 4511 gerunt,
470 4438 535 4509 quia
552 4450 676 4492 errorem
697 4451 779 4492 suum
803 4448 897 4508 aperta
918 4438 1051 4506 pravitate
1069 4429 1219 4506 gpeccati‚
1234 4443 1296 4498 quaa
1308 4427 1507 4484 sacrificiorum
1522 4431 1710 4488 oblationibus
1725 4433 1892 4500 emundatur,
1990 4475 1991 4506 ,

253 4532 449 4590 defendentia
460 4531 544 4586 barba
556 4530 660 4601 lepram
673 4541 781 4600 gerunt,
791 4529 838 4600 qui
848 4528 881 4583 dc
890 4527 1054 4598 apostoliset
1104 4523 1132 4580 id
1145 4531 1188 4578 cst
1199 4521 1280 4578 corde
1294 4523 1413 4576 contrito
1426 4531 1454 4576 et
1467 4521 1621 4578 humiliato.
1631 4523 1682 4581 Est
1692 4535 1721 4579 et
1730 4525 1890 4590 idololatria,

255 4626 358 4682 satietis
372 4624 476 4679 Claristi
497 4623 601 4694 aliquid
615 4638 742 4694 pcrrcrse
762 4624 894 4686 sentiunt,
909 4630 991 4692 atque
1004 4636 1054 4678 eos
1104 4629 1249 4685 (111333411Ιᾶ
1264 4613 1384 4668 abluisti?
1403 4613 1542 4686 baptismi·
1557 4615 1607 4672 Εὸῑ
1621 4617 1816 4674 haeissfifflfflffl
1839 4619 1890 4688 qui,

254 4731 368 4787 pravum
381 4716 521 4787 quodlibet
534 4715 696 4786 predicasse
706 4716 875 4784 confingunt,
888 4712 965 4771 sicut
979 4715 1052 4771 enim
1104 4721 1142 4760 ru
1162 4706 1268 4760 dierum
1290 4707 1452 4777 purgatione
1467 4718 1543 4764 extra
1566 4717 1657 4765 castra
1680 4725 1744 4766 csse
1758 4711 1890 4782 jubentur,

254 4807 340 4862 barba
353 4815 549 4863 ornamentum
561 4814 604 4861 cst
618 4805 688 4872 deri,
704 4805 740 4860 ita
757 4805 862 4860 scilicet
884 4805 1007 4876 Apostoli
1026 4813 1053 4862 et
1104 4813 1134 4860 ut
1149 4821 1197 4875 per
1211 4803 1379 4874 septiformis
1392 4805 1512 4874 Spiritus
1526 4807 1696 4876 agnitionem
1708 4809 1889 4878 purilieentnr.

253 4897 382 4954 doctores
396 4905 590 4954 ornamentum
603 4905 734 4966 prestant
755 4897 783 4952 in
808 4911 923 4966 corpore
936 4896 1050 4957 christi.
1103 4895 1152 4952 Est
1163 4905 1189 4950 ct
1201 4911 1261 4967 quar
1272 4895 1341 4952 risui
1357 4897 1531 4952 sacerdotum
1545 4897 1661 4952 odertur
1671 4914 1722 4968 per
1732 4899 1888 4954 doctrinan.

250 4989 375 5059 ,Corpore
388 4990 492 5060 lepram
504 4989 604 5044 bamur
614 4990 661 5059 qui
673 4989 801 5046 Ecciesiae
811 4989 969 5058 detrabunt,
980 4991 1053 5048 sicut
1104 4986 1187 5043 Ulcus
1200 4998 1290 5044 autern
1307 4988 1388 5057 leprae
1405 4988 1478 5058 quod
1493 4987 1608 5045 omnino
1623 4990 1754 5046 mundari
1776 5005 1828 5045 non
1845 5003 1891 5059 po·

252 5079 385 5136 Erariani
400 5081 449 5151 qni
462 5087 563 5151 negant
578 5081 669 5136 carnis
682 5080 923 5148 resurrectionem,
936 5091 963 5136 et
981 5082 1053 5139 sicut
1104 5087 1276 5146 test,corum
1296 5079 1400 5150 estqui
1425 5079 1452 5133 in
1468 5079 1600 5149 Spiritum
1622 5091 1750 5136 sanetum
1771 5091 1889 5152 peccaut,

251 5168 408 5236 Neratiaui,
420 5170 468 5240 qni
482 5169 593 5240 nuptias
606 5170 747 5239 alumnam,
759 5178 787 5226 ct
804 5172 980 5240 peccantibus
990 5189 1052 5243 poe·
1103 5185 1153 5226 nee
1167 5171 1262 5226 dicunt
1280 5171 1443 5240 pestitentes
1466 5185 1547 5240 posse
1565 5173 1699 5244 consequi
1716 5175 1834 5229 vertiam.
1856 5171 1890 5226 lie

252 5262 404 5320 nitentibus
432 5263 578 5334 denegant,
593 5272 621 5318 ct
648 5263 722 5318 sieut
742 5275 777 5316 ex
801 5261 886 5318 calice
908 5265 956 5334 qui
981 5265 1053 5320 inter
1102 5261 1249 5318 bisantem
1264 5259 1442 5318 nitieritas:
1458 5281 1468 5314 r
1483 5261 1536 5330 Qui
1551 5267 1707 5332 peccauerit
1719 5264 1748 5320 iu
1762 5263 1889 5336 Spiritum

252 5353 442 5410 alioserrores
454 5369 567 5425 regnum
579 5352 714 5409 coelorum
728 5349 860 5434 parrulos
879 5351 981 5410 babere
994 5369 1051 5411 non
1102 5363 1239 5422 sanctum,
1256 5375 1264 5407 a
1286 5369 1339 5410 non
1358 5355 1511 5412 rentittctur
1525 5356 1552 5412 ei
1565 5371 1655 5427 neque
1677 5359 1704 5412 in
1720 5359 1773 5414 hoe
1794 5356 1889 5412 seculo

252 5447 376 5514 credone
390 5456 418 5502 et
432 5446 527 5501 Ariani
552 5444 602 5517 qui
617 5451 709 5496 reram
733 5453 785 5508 pro
805 5438 941 5499 defunctis
958 5445 1051 5502 offerri
1102 5463 1190 5518 neque
1216 5447 1244 5502 in
1270 5446 1371 5503 tuturo.
1402 5447 1478 5516 Quod
1504 5463 1568 5504 uero
1588 5450 1703 5518 jubetur
1727 5450 1842 5521 leprosis
1862 5457 1888 5503 nt

252 5539 430 5620 sacriticium.
445 5536 476 5592 ln
488 5553 571 5594 carne
585 5544 613 5591 et
630 5542 693 5590 cute
715 5531 821 5605 lepram
835 5533 913 5604 gerit,
926 5537 973 5606 qui
990 5552 1051 5592 car·
1101 5549 1199 5594 exeant
1210 5539 1243 5596 dc
1257 5539 1354 5596 castris
1367 5549 1393 5596 et
1411 5539 1522 5596 sedeunt
1543 5541 1624 5609 ioris,
1638 5543 1729 5600 detrec
1746 5543 1888 5598 mnttdetur
1988 5539 1989 5604 ζ

252 5630 324 5683 rralia
337 5629 385 5697 rel,
402 5629 537 5684 exteriora
552 5625 669 5685 suadere
687 5629 817 5690 conatur,
826 5631 855 5678 ut
868 5623 1049 5708 cerinthiani,
1101 5630 1176 5701 lepra
1189 5629 1460 5702 corum,intelligitur
1475 5631 1620 5689 haereticos
1634 5633 1737 5690 debere
1749 5634 1844 5705 projici
1856 5631 1887 5686 ab
1988 5613 1989 5694 i

252 5719 300 5810 qui
322 5717 550 5784 resurrectionem
576 5717 702 5777 futuram
729 5712 762 5768 in
786 5713 874 5772 ceritis
911 5716 1050 5787 uoluptate
1102 5721 1237 5791 Ecclesia,
1251 5723 1488 5794 derrecaproprio
1504 5738 1598 5780 errore
1613 5727 1795 5798 manderetur,
1811 5723 1886 5782 ets'c

255 3979 317 4046 cis,
355 3985 462 4034 sextam
490 3977 609 4034 ustionis
641 3974 756 4048 (tote).
784 3974 813 4030 ln
838 3977 927 4046 capite
950 3975 1053 4046 lepram

254 4079 366 4144 portant
379 4071 426 4142 qui
443 4068 627 4125 indivinitate
641 4067 731 4124 Patris
746 4067 789 4122 rel
813 4067 842 4122 in
870 4069 931 4139 ipso
953 4068 1052 4139 capite,

254 4165 330 4236 quod
356 4172 398 4218 est
421 4161 559 4228 Christus,
572 4166 697 4231 peccant.
713 4157 802 4230 Caput
824 4158 898 4214 enim
913 4158 964 4214 riri
977 4157 1053 4214 Cirri-
