4017 6342
250 361 304 421 tat
406 421 412 426 ,
823 350 1154 411 manumittentis
1174 352 1203 411 S.
1229 352 1345 409 nthstr
1823 364 1866 421 ιω

248 474 412 533 velabantur
423 471 611 545 cogitationes,
630 482 694 525 enm
713 466 835 525 ilerodes
846 476 875 525 et
888 469 931 526 sni
947 470 1044 527 torba-
1057 474 1083 535 Α
1096 477 1140 527 est
1162 469 1221 542 ipsu
1244 468 1385 537 divinitas,
1397 484 1451 541 qua
1472 468 1569 543 plenus
1588 478 1658 539 erat,
1672 470 1755 543 gratia
1766 490 1823 533 roro
1834 490 1869 539 est

249 564 364 622 Ιιιιιιιιι.
380 564 477 621 Postea
499 576 565 618 vero
586 559 712 616 doctrina
732 559 793 631 ejus
805 568 834 615 et
846 560 948 617 virtute
966 559 1047 617 dida·
1099 560 1258 632 conjunctio
1269 558 1420 617 divinitatis
1431 560 1458 617 ιιι
1471 576 1553 617 unam
1563 576 1720 633 personam.
1733 562 1817 623 Gratia
1829 586 1870 628 an.

245 654 466 721 nominabimus
481 651 560 722 quusi
573 650 735 722 magistrum
747 650 1045 709 veritatishabucrunt.
1099 659 1165 721 ιιιιι,
1176 653 1241 724 quia
1259 652 1347 709 eidem
1358 652 1501 710 mediatori
1516 652 1562 709 liei
1579 662 1607 709 et
1620 652 1770 724 hominnm,
1782 658 1870 721 homini

247 744 303 803 Αιιι
318 747 354 802 ab
366 762 400 800 eo
412 745 519 815 numia
534 743 679 800 seductore
693 751 876 801 recesserunt.
1098 740 1163 799 lesu
1184 742 1295 800 Christo
1317 758 1415 815 magna
1433 744 1520 815 gratia
1532 742 1663 801 donatum
1678 751 1728 811 est,
1745 756 1773 801 ιιι
1784 762 1813 804 cr
1825 768 1870 821 quo

288 855 299 890 ι
315 835 350 891 ιιι
364 844 424 891 erat
436 835 514 890 Anna
527 835 700 906 prophetissa
718 835 774 891 illia
788 832 912 893 Phanuel
923 833 958 891 de
972 834 1047 892 tribu
1099 834 1183 892 homo
1205 835 1264 893 deri
1285 836 1423 907 coepisset,
1442 834 1579 907 perlectus
1600 844 1628 891 et
1642 834 1714 891 Deus
1737 850 1812 897 esset.
1825 841 1870 901 iloe

248 928 328 985 Aser.
347 926 410 982 llaec
425 935 596 997 processerat
610 927 638 982 iu
654 928 752 983 diebus
772 927 878 994 multis,
896 935 925 983 et
940 912 1048 983 vixerat
1099 928 1243 985 hominum
1259 938 1358 985 natura
1372 942 1427 985 non
1442 928 1548 1001 recipit,
1564 936 1594 983 ut
1605 936 1669 983 ante
1680 928 1815 987 duodecim
1829 950 1870 991 an·

249 1034 313 1077 cnm
326 1018 386 1073 viro
407 1032 460 1073 suo
482 1018 564 1073 antris
588 1032 628 1073 vn
647 1032 664 1073 a
686 1018 843 1090 virginitate
865 1032 926 1075 sua.
940 1016 974 1072 lit
989 1017 1048 1075 haec
1099 1018 1294 1091 nossapientia
1310 1020 1464 1092 impleatur.
1479 1018 1623 1087 Quomodo
1638 1019 1729 1075 omitia
1742 1020 1784 1079 illo
1800 1026 1866 1083 nira-
1966 1019 1967 1045 ¹

248 1111 333 1167 vidua
346 1118 408 1165 erat
423 1124 512 1181 nsque
523 1110 558 1165 nd
572 1125 663 1167 annos
674 1126 801 1178 cxxxnn,
814 1126 877 1181 qne
887 1124 943 1167 non
957 1110 1048 1167 disre-
1098 1106 1163 1165 bilia
1182 1108 1308 1177 inerunt,
1324 1110 1362 1167 ita
1376 1110 1492 1183 pucritia
1513 1108 1649 1167 mirabilis
1669 1108 1730 1181 luit,
1742 1122 1771 1169 nt
1784 1112 1824 1173 ilci
1835 1130 1872 1179 st-

248 1203 330 1261 debat
341 1204 377 1258 de
389 1203 499 1273 templo,
511 1202 626 1273 jeiuniis
636 1212 665 1259 et
674 1203 912 1261 obsecrationibus
923 1204 1047 1261 serviens
1097 1199 1200 1273 pientia
1211 1201 1381 1272 impleretur.

249 1293 307 1351 lico
322 1294 367 1351 die
379 1308 413 1351 oc
425 1302 515 1351 nocte.
534 1314 544 1349 ι
559 1292 641 1352 iuxta
663 1296 806 1353 historiam
828 1297 907 1353 Anna
920 1306 949 1353 et
961 1296 1047 1353 devo·
1231 1292 1348 1351 SEilllii
1364 1292 1410 1350 bil
1427 1282 1561 1351 rutnbs'
1574 1293 1751 1353 SlLEh'TllS.

250 1386 725 1443 taeeonversntunisercenersndae
742 1388 831 1444 aetatis
845 1387 926 1453 diona
941 1386 1048 1443 descri-
1138 1384 1236 1443 elium
1259 1386 1378 1444 medium
1402 1386 1542 1443 silentium
1569 1395 1694 1444 tenerent
1712 1388 1808 1457 omnia,
1826 1399 1870 1449 cte.

250 1476 337 1545 bitur,
351 1494 414 1549 quae
424 1476 542 1534 Domino
553 1478 740 1535 testimouium
754 1479 924 1551 perhibebat.
934 1478 1048 1553 mystice
1099 1476 1175 1550 (Sap.
1191 1478 1282 1551 rvris).
1298 1496 1308 1532 ι
1326 1478 1391 1536 Tria
1402 1492 1468 1537 suin
1481 1479 1590 1535 silentia
1604 1478 1747 1535 :Primum
1757 1490 1795 1537 est
1807 1484 1871 1556 igno·

250 1579 342 1627 autem
362 1568 499 1641 signiticat
513 1569 673 1638 Foetesiam,
686 1586 748 1643 quae
770 1572 799 1627 iu
825 1570 1048 1643 proscutionem
1099 1572 1189 1629 rantia
1211 1572 1365 1645 languorim
1390 1573 1555 1638 seeundum,
1571 1572 1728 1644 desperatio
1743 1576 1870 1646 cur·atoris;

250 1661 346 1735 sponsi
361 1661 468 1719 ῠοιιιιιιι
489 1662 533 1719 sui
555 1671 644 1719 morte
666 1663 776 1720 viduata
794 1673 846 1721 est.
864 1664 970 1735 Septies
996 1679 1047 1733 ru,
1100 1664 1210 1745 teptium
1234 1663 1373 1721 silentium
1398 1673 1442 1721 est
1474 1664 1584 1736 adoptio
1611 1664 1746 1723 sanitatis.
1766 1665 1872 1725 Primum

250 1771 367 1811 cnxxrnt
381 1754 496 1811 iaciunt.
511 1754 545 1809 Et
559 1771 597 1811 vn
612 1757 750 1827 pertinent
761 1756 796 1813 ad
813 1772 927 1813 cursum
941 1756 1046 1823 meoli,
1099 1754 1239 1812 silentium
1254 1752 1317 1825 init,
1331 1754 1442 1827 quando
1456 1762 1540 1813 homo
1553 1772 1607 1813 non
1633 1757 1746 1829 agnovit
1763 1760 1872 1817 morbum

249 1846 299 1921 quvi
311 1848 409 1904 diebus
427 1855 531 1918 septem
545 1848 664 1903 volvitur
678 1865 686 1917 ;
709 1865 749 1905 ιιιι
774 1864 840 1905 vero
862 1848 1001 1919 pertinent
1013 1849 1048 1905 ad
1063 1840 1085 1895 Β
1099 1860 1192 1915 suum,
1204 1846 1344 1904 etidcirco
1357 1847 1465 1912 silebat,
1480 1862 1531 1905 nec
1544 1847 1722 1919 querebatur
1735 1850 1871 1913 remedium.

249 1934 445 2009 perfectionem
458 1936 615 2007 apostoliea
630 1936 771 1996 doctrinm.
784 1937 915 2009 Quisquis
928 1953 995 2011 erpo
1008 1949 1050 1995 to·
1100 1938 1154 1997 Sed
1169 1953 1313 2013 postquam
1331 1940 1374 1997 lex
1389 1940 1564 2009 subintravit,
1578 1949 1607 1998 et
1621 1940 1745 1998 ostendit
1758 1941 1873 2013 languidis

251 2038 311 2087 tum
321 2031 384 2087 vite
393 2044 451 2087 suae
464 2038 572 2100 tempus
584 2030 743 2101 apostolicis
754 2032 894 2103 mancipat
903 2032 1048 2099 institutis,
1099 2032 1212 2089 vulnera
1226 2048 1288 2101 tua,
1305 2032 1399 2091 statim
1412 2040 1523 2105 ruptum
1539 2040 1581 2089 ost
1603 2032 1755 2101 silentium,
1766 2042 1791 2089 et
1801 2049 1872 2105 cope-

250 2122 332 2193 unasi
347 2124 463 2180 stratui
479 2122 561 2179 anuis
573 2122 695 2179 coelestis
710 2124 803 2193 templi
817 2123 911 2185 limina
926 2139 1048 2193 servaro,
1099 2135 1164 2184 runt
1176 2141 1240 2183 mor
1255 2125 1320 2199 aegri
1333 2126 1449 2184 salutem
1461 2140 1595 2199 quaerere.
1612 2124 1665 2183 Sed
1679 2125 1746 2197 quia
1757 2141 1873 2198 peropera

250 2223 279 2271 et
294 2212 402 2271 Domini
415 2214 556 2285 postulare
574 2214 720 2270 adveutum
735 2213 873 2282 laudatur,
885 2213 952 2270 dum
967 2212 1050 2269 alio-
1099 2220 1168 2292 legis
1182 2218 1229 2276 ubi
1245 2218 1320 2275 salus
1339 2232 1396 2275 non
1407 2225 1450 2275 est
1463 2216 1557 2275 sonari
1570 2216 1712 2287 volebant,
1725 2216 1793 2289 qnod
1810 2234 1871 2289 qne·

251 2306 329 2363 mitro
343 2306 543 2377 peregrinatur.
562 2304 671 2376 Septem
693 2304 759 2361 anni
778 2306 879 2376 onibus
893 2320 966 2361 anna
984 2320 1048 2362 eum
1100 2308 1197 2366 rebant
1223 2322 1280 2365 non
1294 2316 1420 2379 poterant
1433 2307 1565 2365 invenire.
1589 2306 1713 2365 Tandem
1729 2309 1873 2381 argonensi-

250 2397 312 2453 viro
332 2411 384 2453 suo
397 2396 476 2463 vixit,
492 2396 647 2470 signillcent
661 2395 856 2468 perlectionem
880 2396 954 2452 illius
977 2404 1049 2453 tcm·
1100 2398 1199 2459 donans
1216 2399 1309 2468 horno,
1326 2415 1375 2471 per
1389 2400 1475 2473 legem
1491 2400 1629 2458 neminem
1639 2399 1785 2472 justificari
1800 2416 1873 2471 posse,

251 2488 397 2564 porisquo
416 2504 433 2545 a
449 2488 568 2546 iiomino
590 2489 619 2545 iu
640 2504 723 2546 carne
737 2496 918 2547 conversante
935 2490 1050 2545 docetur
1100 2494 1181 2567 quasi
1196 2502 1259 2566 post
1278 2493 1570 2551 diuturnosclamores
1585 2492 1730 2567 latipatns,
1749 2494 1821 2551 etiam
1838 2508 1873 2549 sc·
1970 2488 1971 2493 ’

251 2580 523 2647 melsinensem
534 2588 628 2652 posteo
639 2596 734 2652 peutt
746 2580 973 2650 multiplicamur,
985 2594 1051 2651 ιιιῡ·
1099 2588 1219 2645 cundum
1232 2586 1382 2645 silentium.
1393 2586 1527 2643 boeotum
1539 2594 1582 2643 est
1592 2601 1701 2657 pacem,
1717 2586 1787 2642 dedit
1797 2586 1874 2657 despo

251 2683 313 2748 pter
324 2676 503 2746 apostolicam
513 2674 680 2743 doctrinam,
690 2674 789 2731 deinde
801 2682 939 2747 repeutm
953 2672 1050 2731 Eccle-
1100 2696 1176 2750 rans,
1190 2680 1266 2752 loqui
1281 2694 1392 2736 rursum
1407 2679 1577 2747 cessantes
1592 2678 1772 2735 subsecutum
1783 2687 1876 2749 estpa-

251 2764 334 2825 tiam.
1100 2772 1178 2840 tiam,
1191 2772 1335 2846 proposuit
1347 2772 1577 2839 misericordiam,
1589 2772 1719 2843 promisit
1734 2770 1838 2839 veniam,
1853 2778 1875 2825 et

292 2856 351 2913 ‘¹3²
364 2858 422 2915 ¹¹³⁰
437 2858 498 2929 ilii*
509 2856 578 2915 him
588 2855 785 2929 tuiffltnitfli
798 2854 980 2913 Mitebittttt
994 2852 1050 2911 ⁰0·
1100 2870 1245 2934 coepernnt
1262 2862 1326 2935 aegri
1341 2876 1453 2919 currere
1472 2862 1507 2919 ad
1522 2861 1670 2929 medicum,
1693 2870 1724 2918 ct
1737 2860 1809 2933 quasi
1826 2874 1874 2915 na·
1972 2898 1973 2933 ,

251 2948 341 3018 ιιιὶιιιι,
355 2957 383 3006 ct
399 2950 563 3021 loquebatur
579 2949 615 3007 de
631 2949 679 3004 illo
692 2947 823 3003 omnibus
835 2948 883 3019 qni
903 2952 1050 3018 exspecta·
1100 2954 1162 3026 gnis
1172 2954 1352 3023 elamoribus,
1365 2954 1406 3011 sic
1417 2968 1487 3026 pura
1499 2953 1550 3009 nde
1564 2952 1695 3013 carnisse
1709 2968 1772 3011 ven
1785 2949 1874 3009 nonin·

252 3042 320 3101 btttt
333 3043 562 3099 resurrectionem
575 3041 668 3099 israei-
685 3060 696 3095 t
1100 3046 1179 3103 sione
1196 3046 1253 3103 oris
1267 3046 1382 3117 flagitari
1398 3046 1561 3103 remedium.
1584 3043 1642 3101 lloc
1657 3045 1753 3117 itaque
1773 3053 1798 3101 et
1817 3057 1876 3099 nunc

253 3184 257 3189 .
288 3136 350 3209 ipsa
367 3137 436 3193 hora
453 3153 507 3209 qua
530 3136 641 3193 Simeon
656 3134 761 3207 accepit
781 3148 898 3207 puerum
919 3146 1050 3205 superve-
1100 3138 1129 3197 in
1149 3140 1204 3197 vita
1218 3139 1270 3199 hac
1292 3138 1420 3212 praesenti
1435 3138 1534 3213 agitur,
1556 3149 1585 3195 ut
1607 3154 1671 3195 eum
1687 3138 1771 3195 bomo
1787 3134 1876 3208 perboi

252 3229 333 3289 niens
342 3230 421 3285 hnua
434 3228 625 3296 confitebatur,
635 3227 663 3284 id
670 3236 712 3284 est
719 3228 849 3285 laudabat
856 3226 1050 3294 Dominum,et
1063 3201 1085 3260 ⁶
1102 3232 1219 3305 gratiam
1233 3232 1378 3291 sanitatem
1393 3231 1536 3303 receperit,
1547 3240 1575 3287 et
1588 3231 1622 3288 ad
1641 3230 1718 3287 illam
1741 3228 1877 3287 leticitatcu
1973 3278 1974 3307 ,

254 3322 385 3380 omnibus
398 3321 524 3379 fidelibus
540 3321 588 3393 qui
605 3320 673 3395 jugo
686 3319 802 3378 Herodis
815 3319 976 3390 alienigenae
988 3332 1052 3390 pta·
1101 3333 1224 3383 renturae
1251 3322 1464 3380 immortalitatis
1482 3321 1631 3393 perductus
1651 3319 1749 3388 inerit,
1770 3318 1877 3375 nouerit
1973 3388 1974 3401 χ

254 3414 311 3472 rati
321 3414 510 3471 liberationem
527 3414 732 3484 exspectabant,
748 3411 925 3485 promittebat
938 3426 987 3481 pcr
999 3410 1050 3467 ad·
1102 3415 1220 3488 amplius
1233 3415 1301 3487 qnid
1313 3422 1406 3486 petrt;
1423 3422 1451 3470 ct
1467 3422 1533 3471 tunc
1548 3412 1674 3485 sequitur
1687 3413 1797 3469 tertium
1808 3410 1878 3468 silen-

253 3515 365 3563 ventum
378 3505 482 3563 Christi
496 3505 524 3562 in
536 3507 663 3577 proximo
674 3504 890 3576 redemptionem
905 3502 976 3561 lteri.
988 3500 1050 3558 Non
1102 3508 1182 3577 tium,
1195 3509 1269 3579 quod
1283 3522 1425 3581 nrroquam
1444 3506 1525 3563 linem
1540 3505 1661 3563 babebit.
1685 3504 1761 3561 inter
1777 3504 1878 3577 primum

254 3599 344 3656 solum
359 3600 460 3670 augeli,
475 3599 523 3657 sed
543 3608 572 3656 et
588 3600 680 3657 omnis
699 3608 766 3657 aetas
784 3606 813 3655 ct
831 3597 1051 3655 serastestimo-
1101 3607 1130 3656 ct
1147 3599 1269 3655 medium
1283 3598 1423 3658 silentium
1442 3599 1528 3655 multa
1542 3596 1624 3653 verba
1646 3605 1808 3663 sonuerunt,
1821 3596 1879 3651 inter

253 3691 331 3745 nium
344 3700 410 3745 nato
425 3689 543 3747 reddidit
560 3707 655 3764 puero,
668 3700 696 3748 et
714 3692 786 3748 sicut
807 3692 843 3748 ab
859 3691 983 3748 omnium
999 3706 1051 3748 sae·
1102 3692 1222 3747 medium
1236 3702 1263 3748 ct
1276 3692 1404 3747 ultimum
1417 3690 1555 3749 silentium
1568 3697 1648 3746 sonat
1663 3704 1752 3747 unum
1773 3689 1879 3746 verbum.

253 3781 380 3839 culorum
406 3780 530 3837 ddelibus
550 3782 776 3857 presagicbatnr,
795 3781 833 3838 ita
855 3782 968 3839 veniens
990 3798 1051 3839 om·
1102 3780 1186 3838 llulta
1210 3779 1322 3839 luerunt
1343 3782 1504 3854 multiplicia
1519 3782 1586 3854 lepis
1609 3781 1753 3849 mandata,
1767 3796 1824 3853 ono
1842 3793 1881 3850 per

254 3875 332 3931 uinm
351 3883 509 3931 sanctorum
534 3875 615 3932 laude
637 3874 810 3947 predicatur.
838 3874 948 3947 (Brns.)
970 3875 1051 3943 Quod
1101 3870 1213 3949 boysen
1228 3876 1291 3931 data
1306 3884 1357 3933 est.
1370 3874 1462 3931 Unum
1476 3874 1591 3931 verbum
1608 3881 1662 3941 est,
1677 3890 1732 3931 una
1750 3874 1795 3931 lici
1809 3872 1881 3946 pratia

255 3965 366 4023 Simeon
390 3975 418 4023 et
439 3967 517 4024 horsa
543 3969 663 4040 provecti
685 3966 780 4026 iesum
795 3969 935 4041 excipiunt
948 3978 975 4026 et
990 3968 1051 4026 lau·
1100 3952 1163 4040 quoe
1183 3982 1232 4041 per
1249 3966 1341 4023 lesum
1354 3966 1496 4025 Christum
1508 3966 1579 4023 lacta
1592 3975 1645 4033 est,
1657 3965 1701 4022 uel
1713 3966 1805 4038 potins
1816 3963 1883 4021 lesus

254 4057 586 4132 dantsignilicatlldelem
599 4061 783 4137 synagogam,
796 4078 859 4134 qum
868 4072 930 4134 post
939 4064 1050 4135 longam
1101 4058 1227 4117 Cirristus
1238 4068 1289 4117 est
1302 4059 1410 4133 lloyscs
1420 4058 1540 4117 lamulus
1551 4058 1601 4117 lici
1613 4060 1699 4116 multa
1716 4060 1809 4126 verba,
1822 4056 1882 4113 mul·

253 4152 488 4223 exspectationem
512 4154 729 4227 promissionum
752 4170 808 4211 noo
831 4154 894 4212 licta
914 4154 966 4213 ilde
984 4170 1050 4213 cum
1101 4162 1143 4209 tos
1168 4168 1310 4210 sermones
1328 4152 1429 4221 edidit;
1451 4152 1524 4211 licus
1546 4150 1628 4209 Pater
1649 4168 1738 4213 unum
1768 4151 1884 4219 Verbum,

253 4256 415 4316 receperunt
426 4248 474 4318 oui
485 4250 728 4320 praenuntiabatur.
1101 4260 1187 4300 unum
1201 4258 1356 4301 sermonem
1372 4244 1457 4303 misit.
1474 4242 1527 4301 Sed
1536 4258 1680 4301 sermones
1692 4241 1884 4317 iloysisomni·

292 4336 920 4413 rEtutperleceruutomuiasccundumlepem
928 4340 1049 4413 bomini,
1100 4344 1224 4407 potentes
1248 4351 1304 4393 non
1326 4333 1447 4403 luerunt,
1468 4336 1536 4408 quia
1551 4336 1626 4408 quod
1652 4336 1784 4393 dicebant
1806 4335 1882 4391 lacere

253 4434 357 4490 reversi
371 4434 476 4491 suntin
495 4434 634 4491 Golilaeam
648 4436 678 4491 in
700 4435 838 4493 civitatem
860 4451 939 4493 ruam
962 4434 1051 4493 Nara·
1100 4444 1156 4486 non
1180 4437 1329 4503 potuerunt
1346 4447 1354 4486 t
1374 4428 1437 4487 idco
1453 4429 1561 4487 tandem
1587 4430 1757 4504 quandoque
1781 4430 1808 4486 in
1829 4442 1885 4501 pm·

253 4526 344 4581 reth.»
363 4523 542 4583 Praetermisit
557 4528 684 4586 hocloco
703 4526 804 4594 Lucas,
818 4543 911 4601 quaea
931 4526 1051 4585 ilattheo
1067 4521 1397 4607 „missionedeuctendo
1421 4521 1567 4579 siluerunt.
1587 4522 1621 4579 Et
1632 4530 1699 4579 tnnc
1722 4522 1886 4593 omnipotens

253 4616 321 4674 tatis
334 4618 599 4688 exposita'noverat,
612 4617 757 4675 [lominum
772 4620 907 4687 videlieet,
918 4619 1050 4692 posthaec
1103 4613 1201 4673 Sermo
1229 4615 1314 4683 venit,
1333 4612 1382 4686 qui
1407 4628 1462 4670 non
1482 4612 1572 4669 solum
1596 4612 1676 4683 dixit,
1698 4612 1748 4671 sed
1768 4624 1888 4684 quacun·

253 4725 288 4765 nc
310 4710 346 4766 ab
368 4708 476 4766 ilerode
496 4712 636 4768 occandus
659 4710 839 4781 investiretur,
862 4711 1011 4785 AEpyptum
1033 4728 1050 4769 n
1100 4724 1154 4781 pue
1167 4708 1248 4776 dixit,
1262 4708 1319 4764 imo
1331 4722 1502 4781 quacunque
1517 4706 1616 4774 voluit,
1629 4706 1705 4763 lecit.
1720 4706 1774 4765 iste
1788 4704 1886 4768 Sermo.

252 4802 413 4873 parentibus
437 4818 499 4861 csse
522 4804 652 4861 delatum.
668 4803 857 4877 lielnnctoque
877 4804 996 4873 Herode,
1010 4804 1052 4862 sie
1104 4802 1177 4859 istud
1193 4799 1313 4858 Verbum
1327 4800 1418 4857 adhuc
1432 4800 1564 4871 loquitur,
1581 4798 1705 4872 quaudiu
1717 4800 1746 4857 in
1768 4796 1890 4856 lidelibm

253 4894 364 4950 demum
395 4879 534 4952 Galilaeem
565 4912 722 4966 reversum,
747 4896 884 4955 Nazareth
909 4898 1051 4955 civitatem
1099 4895 1158 4953 suis
1172 4892 1370 4967 promissiones
1387 4900 1527 4965 operatur.
1543 4890 1596 4948 Sed
1621 4888 1890 4964 compromissaim-

252 5000 332 5043 suom
354 4985 508 5045 inhabitare
521 4990 647 5061 empisse.
669 4988 765 5047 Solent
783 4990 857 5046 enim
876 4990 1051 5063 evangeliste
1098 4986 1223 5058 pleverit,
1236 4992 1303 5041 tnnc
1315 4983 1394 5056 quasi
1415 4982 1543 5040 cessavit.
1565 4982 1636 5039 Cum
1651 4990 1742 5039 antem
1757 4977 1891 5055 promissa

253 5078 355 5151 singuli
364 5080 404 5137 sic
412 5080 537 5138 omittere
548 5084 754 5156 quadamqnae
763 5083 917 5140 velabaliit
927 5099 1050 5140 comum·
1099 5077 1202 5135 luerint
1221 5076 1344 5147 impleta,
1366 5074 1431 5147 qnia
1451 5075 1571 5147 amplius
1593 5074 1667 5147 quod
1689 5083 1810 5147 petatur,
1827 5067 1890 5128 nihil

253 5181 313 5233 rata
326 5172 443 5229 viderint
458 5174 499 5230 vel
513 5173 548 5230 ab
560 5175 621 5233 aliis
642 5176 883 5233 commemoranda
897 5175 925 5231 in
950 5174 1049 5247 spiritu
1099 5172 1268 5241 deerit,tunc
1278 5170 1578 5242 lelixetsempiteruum
1587 5171 1728 5228 silentium
1738 5164 1891 5225 utimum

253 5264 436 5335 praeviderint,
459 5275 489 5321 ut
510 5266 671 5323 continuata
695 5283 753 5325 suae
777 5265 943 5324 narrationis
964 5268 1048 5336 serie,
1098 5280 1164 5337 ergo
1189 5264 1311 5321 medinm
1343 5262 1481 5320 silentium
1513 5262 1792 5341 tenereuttomniaa
1823 5258 1893 5313 Bene

252 5356 333 5427 quasi
355 5357 429 5413 nulla
454 5360 663 5429 praetcrmisisse
678 5360 832 5416 videantur.
862 5358 932 5428 Quia
956 5367 1048 5417 tamen
1099 5356 1192 5415 omnia
1207 5372 1215 5410 ε
1231 5354 1289 5411 lioc
1302 5369 1358 5411 non
1370 5354 1459 5410 solum
1474 5352 1513 5410 illi
1526 5351 1573 5424 qni
1594 5351 1623 5407 ιιι
1645 5352 1779 5425 petitione
1796 5349 1893 5420 despe-

253 5450 366 5507 alterius
378 5452 552 5523 evangelistae
561 5452 735 5509 considerata
752 5451 905 5525 Scriptura,
918 5468 974 5526 qno
988 5453 1049 5511 loco
1100 5448 1208 5513 rabant,
1223 5445 1271 5503 sed
1281 5453 1309 5501 ct
1322 5445 1369 5501 illa
1383 5459 1445 5516 quae
1457 5444 1486 5501 ιιι
1501 5441 1706 5516 promissione:
1728 5460 1738 5496 ι
1750 5440 1788 5497 Et
1799 5455 1857 5497 nor
1867 5438 1893 5493 in

252 5543 387 5599 ranstrlta
400 5543 511 5610 tuerint,
525 5544 642 5616 diligens
657 5543 743 5600 lector
755 5544 887 5602 inveniat.
1100 5555 1151 5599 suo
1164 5553 1247 5595 eursu
1259 5538 1311 5593 iter
1322 5536 1443 5592 haberet.
1461 5554 1471 5589 ι
1485 5530 1545 5591 Nox
1560 5534 1587 5591 in
1598 5548 1678 5591 sacra
1689 5532 1836 5605 Scriptura
1847 5528 1896 5588 ali·

290 5655 301 5688 ι
320 5636 392 5693 Puer
411 5646 503 5693 autem
517 5636 657 5696 crescebat
679 5646 706 5693 ot
730 5636 939 5695 contortabotur
951 5637 1049 5709 plenus
1100 5632 1210 5706 qnando
1224 5646 1275 5705 pro
1289 5629 1410 5697 diabolo,
1422 5627 1570 5701 aliquando
1584 5642 1636 5699 pro
1649 5626 1754 5685 umbris
1766 5627 1846 5698 οιιιι,
1867 5622 1895 5678 in

217 5748 224 5761 ·
253 5729 397 5800 sapientia,
414 5738 441 5785 et
459 5730 547 5801 gratia
564 5729 611 5787 liei
631 5739 691 5786 erat
708 5730 737 5784 in
751 5729 825 5785 illo.»
841 5728 973 5786 Crescere
987 5744 1049 5786 cor·
1100 5724 1290 5797 peccatoribus
1303 5732 1330 5779 et
1342 5721 1454 5794 iniquis,
1475 5720 1623 5795 aliquande
1637 5737 1688 5793 pro
1702 5718 1839 5794 peccatis,
1847 5717 1898 5775 ali·

251 5818 523 5893 poreetcorlortari,
537 5830 617 5879 etate
632 5818 894 5904 homarraintetlipe.
908 5816 1050 5903 Sapientia
1101 5816 1211 5895 qttando
1233 5830 1283 5890 pro
1313 5812 1441 5889 presenti
1463 5812 1517 5873 vito
1542 5811 1685 5889 acciptur.
1711 5813 1761 5873 l’er
1782 5820 1898 5871 uortcm
