4017 6342
261 290 319 349 tta
835 282 999 341 numam
1017 280 1165 340 sanaris
1185 282 1214 339 a.
1234 282 1346 339 uersu
1831 298 1873 355 ns

256 406 408 477 corrigiam
422 411 483 479 elus
503 405 691 463 calceamenti.
710 404 796 473 Quasi
811 403 887 459 dieat
901 420 909 457 ι
923 399 981 473 Ego
997 398 1053 455 lle·
1068 396 1175 464 Adirit
1192 414 1199 454 ι
1218 416 1228 453 ι
1245 398 1472 457 consummatum
1501 413 1543 461 est
1565 404 1658 477 (ioan.
1684 403 1753 478 xm),
1771 414 1875 471 »orariis

257 493 413 567 dempturis
425 496 537 567 vestigia
549 495 688 551 denodare
708 509 764 549 non
779 492 868 559 valeo,
881 491 946 562 quia
957 491 1053 562 sponsi
1104 488 1195 546 Veteri
1221 489 1390 547 Testamenti
1413 505 1583 552 sacramenta
1599 498 1681 552 linem
1703 496 1877 567 accepissem

246 600 361 650 ‚rumen
381 588 447 642 mihi
466 602 520 641 nun
547 600 660 657 usurpo.
678 584 727 642 Vel
739 586 777 641 ita
792 600 799 637 τ
812 583 1004 641 calceamenta
1019 597 1053 639 ex
1103 578 1172 636 Novi
1185 582 1330 637 exordium
1352 591 1459 655 putant.
1478 584 1658 644 Commodius
1683 598 1772 643 autern
1783 588 1877 652 videtne
1992 576 1993 581 ¹

256 678 378 732 mortuis
389 676 552 732 animalibus
564 676 643 732 bunt.
657 676 873 757 llomhrusevero
889 674 970 746 quasi
993 674 1052 733 eal·
1103 680 1134 727 ut
1147 672 1272 729 dicamus
1286 674 1454 745 baptismum
1471 678 1549 748 prius
1564 694 1613 749 per
1626 676 1776 747 ioannem,
1791 680 1875 743 deinde

254 778 353 824 centus
366 768 492 839 apparuit
502 776 649 840 postquam
665 783 775 826 carnem
787 767 947 838 assumpsit.
963 764 1053 836 liujus
1103 778 1152 835 per
1162 763 1377 833 Christum,sive
1390 783 1439 839 per
1449 768 1597 841 discipulos
1607 769 1722 837 Christi,
1735 771 1875 842 aliquandiu

254 856 455 915 incarnationis
466 860 627 931 mysterium
642 874 724 917 nemo
734 859 928 930 uuusquisque
945 857 981 913 ad
992 856 1052 926 ple·
1103 855 1203 924 solum,
1217 859 1485 916 neaeonsuetudine
1495 860 1778 919 abhorreretinusum
1791 868 1876 935 produ·

252 965 322 1005 num
347 951 513 1024 investigare
532 953 630 1023 potuit.
656 951 780 1024 corrigia
805 950 983 1007 calceamenti
1010 956 1053 1005 est
1102 948 1798 1018 ctumnovissimeautem,quandoinuniversum
1809 971 1876 1013 mon·

252 1038 371 1110 ligatura
390 1043 459 1097 tanti
481 1043 615 1115 mysterii.
637 1041 698 1099 Non
710 1044 782 1099 valet
793 1056 860 1113 ergo
881 1039 1001 1097 ioannes
1017 1040 1051 1097 ad
1102 1034 1168 1091 dum
1183 1036 1378 1107 praedicatores
1391 1040 1532 1111 baptizare
1548 1042 1625 1098 missi
1641 1049 1716 1110 sunt,
1733 1046 1875 1113 generaliter

251 1131 365 1201 pienum
375 1134 522 1206 aufrigium
533 1134 654 1201 solvere,
665 1150 728 1207 quae
741 1134 939 1195 iucarnationis
953 1142 1052 1205 mrem,
1101 1126 1409 1197 institutumllidentur
1419 1140 1510 1187 autern
1523 1132 1581 1191 haee
1595 1132 1647 1188 tria
1663 1140 1784 1204 tempora
1794 1135 1876 1193 distin-

250 1222 325 1278 rium
341 1239 396 1280 non
410 1224 510 1283 sufficit
523 1227 700 1299 investigare,
1101 1220 1207 1291 guenda
1217 1238 1225 1276 ι
1237 1217 1360 1278 Primum
1374 1223 1448 1278 enim
1463 1234 1527 1280 ante
1537 1224 1705 1296 baptismum
1720 1228 1876 1287 circumcisio

290 1315 410 1387 «Cuius
425 1318 609 1375 ventilabrum
632 1319 660 1375 in
684 1335 767 1377 manu
788 1338 849 1382 saa.
865 1320 900 1377 Et
919 1336 1051 1393 permon-
1101 1315 1159 1369 sola
1174 1322 1275 1370 statum
1289 1314 1432 1381 habuitet
1446 1318 1649 1389 suscipiebatur
1664 1318 1699 1376 ad
1715 1320 1875 1392 justificatio·

253 1406 332 1463 dabit
352 1421 444 1465 aream
474 1425 566 1480 suam,
584 1418 614 1468 et
631 1412 808 1485 congregabit
826 1413 947 1470 triticum
967 1428 1049 1479 suum
1101 1422 1164 1462 nem
1178 1407 1238 1463 sinu
1258 1408 1405 1480 baptismo.
1433 1407 1589 1467 Novissime
1615 1420 1707 1467 autem
1731 1428 1802 1467 nune
1824 1422 1875 1483 pust

252 1499 282 1553 in
295 1499 444 1569 horreum,
457 1500 551 1572 paleas
570 1509 663 1560 autem
680 1504 824 1560 comburet
837 1503 893 1576 igni
917 1503 1050 1559 inexstin·
1100 1498 1338 1556 circumcisionem
1354 1500 1429 1559 sulus
1448 1501 1602 1572 baptismus
1621 1510 1725 1559 statum
1749 1501 1835 1569 babet,
1852 1512 1876 1560 et

251 1590 348 1662 goibili
358 1588 506 1663 (tennala
523 1590 672 1655 lentilabri
685 1610 754 1665 opus
768 1603 811 1651 est
821 1595 856 1651 ab
869 1593 1049 1650 iniructuosis
1099 1590 1254 1647 celebratur
1264 1592 1299 1647 ad
1311 1592 1426 1647 salutern
1442 1593 1502 1649 sine
1517 1594 1744 1656 circumcisione.
1764 1592 1820 1649 Fuit
1832 1610 1875 1650 au·

251 1689 394 1738 troetousa
404 1682 574 1757 discernere,
586 1682 666 1752 Quod
693 1684 722 1740 in
739 1701 824 1741 manu
838 1685 947 1741 ὓιιιιιίιιί
963 1685 1046 1742 situm
1098 1689 1152 1741 tem
1166 1692 1273 1753 tempus
1299 1684 1419 1739 medium
1437 1684 1589 1754 quoddam,
1605 1685 1717 1755 quando
1731 1694 1760 1741 et
1775 1685 1875 1741 circum

249 1773 353 1829 indicat
368 1774 513 1830 arbitrium
534 1777 678 1845 potestatis
689 1777 863 1835 recondentis
878 1778 1046 1844 triticum,id
1061 1772 1084 1828 B
1097 1774 1168 1833 cisio
1190 1784 1218 1830 et
1245 1776 1398 1845 baptismus
1422 1776 1505 1837 simul
1524 1786 1753 1839 concurrerunt:
1773 1777 1874 1857 primm

248 1875 293 1921 cst
307 1865 443 1937 perlectos
455 1855 563 1925 hoelus
579 1869 752 1925 credentium
769 1871 798 1926 in
815 1871 937 1940 horreis;
952 1871 1046 1942 paleas
1097 1865 1288 1935 circumcisio,
1317 1875 1348 1923 ιιι
1372 1868 1507 1934 liniretur,
1521 1868 1612 1935 aliud,
1626 1869 1654 1925 id
1668 1878 1711 1931 est
1728 1868 1876 1941 baptismus,

247 1957 626 2024 reru,idcstinh·uctuosam
643 1961 969 2030 hominuminanitatem,
983 1963 1047 2033 igne
1098 1966 1128 2013 ut
1146 1958 1365 2017 confirmaretur.
1394 1958 1523 2031 Oportuit
1545 1960 1619 2021 enim
1647 1970 1677 2019 ut
1703 1968 1732 2017 et
1760 1961 1802 2017 illa
1825 1976 1876 2033 qua

245 2048 343 2119 ludicii
356 2048 569 2117 concremantis.
582 2048 634 2105 Per
642 2051 824 2115 ventilabrum
835 2052 965 2118 diseretio
977 2053 1045 2125 justi
1097 2049 1300 2105 liniendaerant
1310 2066 1484 2123 nequaqnam
1496 2052 1874 2123 subitorelpraecipitareutur,

248 2138 395 2207 exauainia,
409 2155 458 2211 per
468 2152 562 2195 aream
572 2154 638 2196 vero
654 2154 776 2210 praesens
794 2139 918 2198 Ecclesia
941 2142 1045 2215 hgura·
1096 2144 1143 2199 sed
1159 2143 1301 2215 paulatim,
1317 2153 1345 2199 et
1371 2143 1450 2214 quasi
1468 2159 1532 2200 conr
1549 2145 1668 2215 quadam
1684 2144 1830 2209 reverentia
1842 2144 1876 2199 di·

245 2240 303 2286 tur.
320 2230 407 2304 Grrjos
419 2248 491 2289 areae
509 2233 636 2306 purgatio
650 2234 733 2291 etiam
756 2236 831 2292 nunc
845 2236 965 2305 geritur,
980 2250 1044 2291 cum
1095 2234 1279 2300 mitterentur,
1297 2242 1326 2289 ιιι
1340 2235 1551 2291 ostenderentur
1574 2234 1645 2290 bona
1667 2234 1758 2291 tuisse
1772 2243 1876 2305 tempure

244 2324 369 2394 perversi
383 2324 420 2380 ob
430 2324 575 2385 marriiesta
585 2336 697 2398 peccata
709 2326 745 2384 de
752 2325 876 2389 Ecclesia
883 2326 1044 2399 ejiciuntur,
1094 2340 1157 2394 suo,
1174 2336 1201 2381 et
1219 2324 1346 2382 similiter
1361 2340 1423 2396 quae
1437 2324 1591 2395 incipienda
1614 2338 1694 2382 crant
1718 2340 1775 2381 non
1797 2326 1877 2381 subito

246 2413 292 2469 rel
318 2422 524 2485 postmortem
552 2416 645 2489 divina
669 2418 842 2486 districtione
866 2417 1043 2489 damnantur.
1093 2415 1122 2473 in
1139 2418 1330 2485 auctoritatem
1356 2427 1577 2485 assumerentur,
1603 2418 1651 2475 sed
1671 2432 1737 2473 curn
1768 2432 1837 2472 mora
1853 2424 1876 2484 et

244 2502 424 2577 lutorpaleas
439 2515 466 2564 et
478 2507 583 2565 zizania
597 2509 700 2580 distat,
721 2511 788 2583 quia
807 2510 1043 2582 paleaeasemine
1093 2508 1227 2581 gravitme
1239 2506 1438 2565 inchoarentur
1478 2524 1513 2564 ne
1528 2508 1724 2577 volutatione,
1740 2518 1876 2579 eapropter

243 2598 309 2672 puri
324 2598 408 2657 tritici
420 2600 576 2674 prodeunt;
596 2603 703 2677 zizania
721 2616 788 2659 reru
818 2618 835 2657 a
859 2600 967 2662 diversa
984 2602 1043 2663 ori·
1091 2614 1150 2657 rem
1171 2600 1282 2657 aliunde
1300 2600 1411 2657 inducta
1435 2600 1528 2657 subito
1544 2609 1718 2672 putarentur.
1738 2598 1783 2656 llla
1799 2599 1873 2671 igitur

244 2693 311 2765 gine
324 2704 514 2765 procreantur.
542 2693 615 2767 Ergo
631 2694 717 2765 palere
733 2692 891 2763 signilleaut
909 2691 972 2749 illos
993 2692 1041 2762 qui
1092 2691 1206 2750 dimissa
1221 2701 1299 2771 sunt,
1309 2708 1365 2749 non
1375 2693 1508 2765 projecta,
1522 2694 1548 2749 id
1562 2704 1605 2757 cst
1616 2692 1667 2752 ista
1677 2694 1801 2749 instituta
1810 2702 1876 2755 sunt,

243 2782 309 2840 ildei
329 2786 468 2857 mysteriis
483 2786 655 2863 imbuuntur,
679 2784 856 2841 caeleritate
870 2783 990 2856 pertidia
1007 2782 1042 2839 ab
1091 2799 1148 2841 nun
1160 2794 1315 2856 usurpata:
1335 2794 1365 2841 ut
1378 2784 1465 2842 divini
1489 2786 1598 2842 consilii
1618 2786 1770 2843 auctoritas
1787 2784 1875 2855 ubique

247 2875 538 2944 electisdissentiunt;
555 2874 661 2931 zizania
672 2874 733 2931 illos
744 2873 791 2947 qui
802 2889 884 2946 opere
894 2883 921 2929 ct
934 2871 1042 2945 proles·
1092 2886 1249 2947 scrvaretur
1260 2920 1271 2956 ,y
1288 2886 1316 2935 et
1330 2879 1450 2935 humana
1476 2880 1620 2956 causatio,
1635 2894 1670 2934 nc
1691 2879 1784 2934 divina
1802 2892 1876 2949 upcra

244 2965 323 3025 sione
335 2966 371 3023 ab
382 2968 476 3025 electis
490 2977 682 3025 secernuntur.
701 2964 734 3021 lli
751 2966 904 3023 ventilabro
916 2966 971 3023 hue
983 2981 1039 3022 non
1090 2969 1290 3041 reprehendere
1313 2971 1441 3039 auderet,
1464 2981 1646 3041 arrruveretur.
1670 2970 1805 3039 Quamvis,
1818 2985 1876 3042 ergo

245 3068 432 3127 minorentur,
450 3059 498 3130 qui
515 3058 573 3136 lam
590 3059 705 3131 judicati
730 3067 810 3132 suut:
825 3058 873 3115 sed
885 3058 1075 3175 paletetan·C
1092 3062 1120 3119 in
1140 3062 1269 3133 passione
1285 3062 1404 3133 Christi,
1430 3080 1479 3137 per
1501 3080 1584 3136 qnam
1606 3072 1798 3125 consummata
1820 3072 1877 3119 suut

242 3158 304 3205 lum
315 3150 491 3207 ventilantur.
1092 3151 1184 3209 omnia
1197 3192 1204 3219 ‚
1220 3155 1320 3211 veteris
1333 3154 1427 3226 ligurae
1440 3164 1528 3211 status
1541 3154 1623 3212 linem
1645 3155 1752 3227 accepit
1761 3196 1769 3224 ,
1779 3162 1807 3209 et
1820 3155 1876 3209 nori

284 3262 294 3295 r
310 3241 394 3299 llalta
421 3244 575 3323 quidemst
596 3246 650 3303 alia
667 3247 819 3307 exhortans
835 3244 1041 3317 evangelizabat
1092 3244 1250 3307 constitutio
1262 3248 1426 3313 sacramenti
1441 3248 1597 3319 exordium,
1617 3256 1675 3303 tura
1695 3255 1724 3309 et
1743 3247 1819 3318 prius
1829 3245 1878 3301 ali·

243 3332 610 3415 populo.llreeiniiethaoia
625 3336 697 3395 iacta
712 3334 1038 3406 sunttrauslordanem,
1090 3345 1328 3409 quantotempore
1347 3346 1374 3394 et
1390 3354 1460 3395 nova
1477 3338 1605 3407 inchoata
1627 3348 1692 3395 sunt
1712 3340 1746 3395 ad
1769 3352 1877 3395 eonsue-
1991 3334 1992 3369 ἓ

244 3430 482 3489 obieratloannes
490 3432 637 3508 baptizans
646 3433 764 3507 (iliata
776 3432 910 3492 Bethania
922 3433 986 3489 villa
997 3440 1041 3489 est
1090 3429 1223 3498 tudinem,
1236 3438 1264 3486 et
1279 3438 1371 3486 vetera
1390 3431 1565 3502 postmodnm
1587 3430 1749 3501 aliquandiu
1770 3430 1879 3489 tolerata

244 3523 405 3581 insecundo
419 3524 538 3582 abllelia
550 3525 715 3591 milliarioiu
727 3526 811 3583 latere
822 3522 1037 3593 montismirati,
1090 3520 1241 3578 acardum
1266 3520 1507 3593 dispensationem.
1524 3522 1656 3579 Similiter
1680 3538 1747 3595 ergo
1773 3522 1877 3579 iuuant

243 3614 292 3669 uhi
321 3612 449 3669 Salvator
473 3614 595 3686 Lazarus
621 3616 773 3673 suscitavit.
795 3616 868 3673 Bene
883 3631 1039 3688 precursor
1090 3614 1877 3686 utraquetemporcillo,sireantepassionemsinepost,
1990 3606 1991 3659 ]

243 3702 355 3759 Domini
367 3705 455 3761 nostri
469 3706 498 3761 in
507 3706 646 3763 ‘Bethania
657 3706 758 3764 dicitur
779 3707 944 3779 baptizasse.
968 3706 1037 3765 Nam
1090 3707 1164 3762 abeo
1175 3706 1285 3779 quando
1299 3707 1427 3779 inchoata
1442 3716 1506 3763 sunt
1520 3706 1877 3779 noua,donecfpustmodum

242 3794 378 3851 Bethania
389 3797 483 3851 demas
495 3798 651 3854 obedientie
667 3800 872 3869 interpretatur,
886 3807 916 3855 ut
927 3797 1039 3855 demon·
1088 3806 1180 3856 uetera
1201 3806 1266 3855 sont
1279 3797 1436 3877 interdicta.
1461 3794 1495 3851 Et
1516 3796 1544 3852 in
1560 3796 1613 3853 isto
1642 3798 1735 3852 medio
1760 3805 1878 3865 tempore

243 3894 315 3943 suet
328 3902 378 3957 per
398 3888 580 3947 obedientiam
597 3889 769 3960 ddeiomnes
783 3890 817 3947 ad
832 3889 1038 3971 Christihapti-
1089 3886 1227 3959 quudloit
1241 3888 1392 3969 baptismus
1407 3902 1470 3946 cum
1485 3888 1700 3945 circumcisione
1714 3888 1749 3943 ab
1767 3886 1878 3943 inchoa·¹
1989 3926 1990 3929 ,

243 3993 305 4035 sura
315 3972 415 4037 debere
427 3982 578 4053 pervenire.
1088 3978 1162 4055 tione
1177 3995 1227 4037 sua
1241 3980 1373 4053 usquead
1386 3980 1545 4055 passionem
1558 3980 1677 4057 Christi,
1688 3980 1741 4036 hoe
1761 3978 1815 4035 luit
1826 3976 1876 4033 cir-

242 4092 283 4149 p,
304 4110 334 4151 ω
358 4094 465 4167 qum„
484 4097 610 4168 mm„
635 4098 752 4153 gmina
771 4096 886 4170 ,gg-wi
907 4107 1037 4171 „mm
1088 4073 1220 4131 eumcisio
1240 4088 1303 4131 oum
1327 4072 1485 4145 baptismo,
1510 4080 1574 4144 post
1597 4071 1756 4151 passionem
1778 4070 1879 4135 christi

480 4168 642 4239 percipiendi
653 4167 794 4237 baptisma.
1038 4172 1040 4177 ’
1087 4178 1176 4234 usque
1192 4162 1227 4219 ad
1239 4162 1306 4222 illud
1320 4174 1430 4233 tempus
1444 4176 1502 4235 quo
1522 4162 1580 4234 ipsa
1606 4160 1783 4219 circumcisio
1798 4158 1879 4229 coepit
1988 4166 1989 4231 ζ

278 4253 418 4320 orantur
427 4258 701 4330 quandoinstitutum
713 4258 750 4315 sit
761 4269 933 4316 sacramenta
948 4258 1037 4331 bapti·
1086 4256 1237 4329 prohiberi.
1257 4255 1334 4324 Siout
1346 4257 1420 4311 enim
1435 4263 1499 4311 ante
1513 4254 1672 4327 passionem
1686 4254 1744 4326 ipsa
1760 4250 1881 4311 circumc

243 4348 307 4416 sori,
321 4364 423 4421 erquu
435 4350 1035 4428 deincepslicitumloonluitilludnegligere,
1087 4348 1156 4406 cisio
1179 4350 1207 4404 in
1224 4356 1297 4428 statu
1315 4362 1366 4403 suo
1388 4345 1423 4402 ad
1448 4347 1600 4403 remedium
1626 4345 1837 4417 suscipiebatur,
1851 4349 1878 4395 ct

243 4436 355 4511 quando
369 4440 437 4497 illud
449 4442 590 4514 suscipere
597 4442 720 4499 debitum
731 4442 792 4501 luit.
805 4442 839 4500 Et
849 4453 913 4501 sunt
923 4436 1039 4516 quidem
1051 4454 1074 4509 h
1088 4447 1179 4495 tamen
1194 4446 1260 4503 tunt
1271 4438 1353 4507 etiam
1379 4436 1535 4511 baptismus
1547 4436 1607 4495 sine
1632 4436 1756 4509 periculo
1782 4434 1879 4491 salutis

243 4533 641 4607 soperhocdirersaepluriurn
652 4538 859 4594 aestinratloncs.
873 4537 927 4594 atil
939 4538 1035 4596 dieunt
1086 4547 1142 4613 non
1157 4528 1382 4603 contemnebatur·
1406 4530 1441 4584 ab
1460 4528 1504 4585 his
1530 4517 1645 4600 quibus'
1660 4527 1879 4599 praedicabatur,

241 4638 277 4680 ex
291 4640 325 4683 eo
339 4626 497 4684 institutum
511 4628 679 4700 baptismum
691 4630 764 4701 quod
777 4627 905 4686 Christus
918 4629 1036 4687 Nicode-
1086 4624 1124 4692 ita
1134 4632 1196 4693 pust
1205 4622 1360 4699 passionem
1382 4621 1547 4697 baptismus,
1554 4621 1682 4692 quamvis
1695 4620 1724 4675 iti
1738 4626 1814 4676 altit!
1832 4632 1882 4671 ⁵1¹⁰

243 4731 288 4771 ino
307 4731 389 4773 nocte
402 4718 478 4785 adse
492 4718 610 4776 venienti
631 4722 743 4777 modum
759 4736 837 4778 nuvae
850 4724 1036 4793 regeneratio·
1086 4714 1286 4786 suscipiebatur
1307 4713 1340 4770 ad
1359 4713 1492 4798 salutem,
1513 4721 1540 4769 ct
1559 4721 1652 4768 tamen
1680 4711 1881 4767 tunceircum·

243 4807 286 4863 nis
298 4808 443 4867 insinuans
460 4810 499 4866 ait
514 4829 543 4867 :r
561 4810 619 4868 Nisi
632 4813 694 4880 quis
706 4822 818 4870 renatus
831 4812 1037 4887 itteriteraquav
1085 4810 1155 4877 cisio
1176 4810 1236 4865 sine
1254 4798 1377 4878 periculo
1394 4806 1498 4885 salutis,
1518 4820 1573 4866 non
1592 4804 1824 4861 contemnebatur
1849 4802 1884 4855 ab

241 4905 271 4952 ti
297 4897 400 4968 Spiritu
419 4908 524 4968 macto,
550 4917 606 4957 uun
629 4910 719 4974 potest
732 4905 825 4962 videre
844 4920 958 4977 regnunt
984 4904 1033 4963 Dei
1085 4902 1129 4963 bis
1145 4900 1246 4972 quibus
1260 4898 1323 4954 linis
1337 4898 1396 4968 eius
1408 4896 1532 4955 nondum
1543 4895 1786 4971 manilestabatur.
1799 4891 1883 4948 Post-

242 4986 335 5061 (Joon.
364 4991 448 5071 aral.»
470 4992 524 5047 tiri
555 4992 652 5051 dieunt
676 4994 877 5053 institutionem
905 4996 1034 5068 oaptisml
1084 4978 1461 5067 quamautcmdictumest:
1477 5008 1486 5043 ι
1503 4984 1887 5063 Sieireurncidimirri,chri·

241 5098 276 5137 cx
299 5096 333 5137 eo
365 5082 512 5157 incepi-sse
543 5100 599 5156 qou
627 5084 755 5142 Christos
790 5094 853 5157 post
892 5102 1034 5145 resurree·
1085 5092 1144 5143 stus
1158 5082 1237 5140 nohis
1252 5082 1320 5138 nihil
1338 5080 1449 5153 prodest
1465 5078 1568 5154 (Galat.
1585 5078 1624 5151 v),
1647 5078 1731 5151 »jam
1746 5076 1884 5145 deinceps

242 5173 345 5227 tionem
367 5186 445 5229 suam
469 5174 497 5230 io
522 5175 623 5231 crolum
640 5190 806 5233 ascensurus
832 5176 985 5249 discipulos
998 5176 1034 5233 au
1084 5192 1140 5233 non
1156 5182 1263 5248 poterat
1277 5172 1451 5249 circumcisio
1463 5170 1496 5227 ad
1523 5171 1640 5245 salqtom
1657 5166 1781 5241 percipi,
1808 5166 1888 5222 sicut

241 5264 445 5337 praedicandum
474 5265 570 5336 misit,
588 5268 741 5339 ,dioenszr
758 5267 796 5324 lte
818 5268 913 5325 docete
936 5285 1034 5327 omncs
1083 5269 1171 5343 prius,
1200 5276 1344 5339 postquam
1372 5266 1475 5321 dictum
1493 5261 1583 5347 iuerat
1606 5281 1620 5351 a
1638 5260 1809 5341 rllasculus
1836 5274 1888 5313 cu-

242 5366 337 5429 gentes
354 5358 562 5430 baptizantesin
572 5360 684 5418 nuntiae
695 5360 797 5429 Patris,
820 5372 848 5419 et
858 5361 919 5418 Filii
932 5373 959 5420 et
972 5362 1034 5434 Spi-
1082 5363 1129 5436 ius
1156 5374 1221 5417 earo
1237 5358 1362 5432 praeputii
1388 5356 1550 5429 circumcisa
1575 5370 1632 5427 nou
1657 5353 1748 5441 luerit,
1778 5352 1890 5423 peribit

242 5450 312 5507 ritus
327 5450 416 5507 saneti
432 5448 541 5524 (lletth.
556 5451 665 5521 xxvio).
680 5472 690 5505 r
703 5452 821 5523 Quidam
834 5450 1034 5509 institutionem
1084 5452 1177 5511 anima
1192 5452 1239 5508 illa
1254 5451 1289 5507 de
1302 5451 1402 5522 populo
1418 5464 1469 5505 suo
1484 5446 1560 5520 (Gen.
1580 5446 1659 5520 xvn).
1676 5464 1691 5515 ι
1707 5443 1764 5501 lion
1789 5442 1890 5514 potuit

242 5540 369 5614 baptismi
378 5557 412 5598 cx
423 5558 457 5599 eo
467 5542 584 5614 coepissc
598 5544 776 5614 putantquod
786 5543 906 5601 loannes
920 5544 948 5601 in
961 5560 1034 5615 aqua
1084 5546 1260 5604 circumcisio
1272 5543 1308 5601 ab
1321 5544 1366 5601 bis
1382 5543 1515 5600 duntaxat
1531 5540 1631 5612 quibus
1646 5538 1769 5610 injuncta
1788 5536 1892 5592 tuerat

242 5638 383 5713 baptizare
395 5638 487 5708 coepit,
501 5638 655 5710 praedicaus
671 5638 875 5720 baptizaturum
896 5639 925 5695 in
944 5638 1033 5710 Spiri-
1084 5640 1145 5698 sine
1165 5638 1287 5711 periculo
1308 5637 1405 5694 salutis
1428 5629 1714 5693 sanmathianum
1736 5626 1889 5701 quemad-
1983 5632 1984 5709 ᾗ

242 5742 300 5802 tour
327 5729 436 5803 (hatti.
450 5728 502 5803 nr).
517 5732 571 5819 hili
589 5732 616 5789 in
637 5730 764 5819 passione
782 5723 894 5819 Christi,
914 5728 1033 5823 quando
1084 5733 1195 5791 modum
1217 5731 1244 5788 in
1262 5728 1396 5803 principio
1411 5727 1562 5799 baptismus
1577 5724 1706 5785 aioanue
1719 5718 1897 5793 seeundum¹
