4017 6342
113 319 184 380 tsts
583 297 869 372 omeoaamouu's
884 312 935 370 sa.
956 309 1110 370 ramus.
1131 339 1164 352 „
1182 307 1246 366 em.
1267 306 1299 364 rt
1680 310 1750 366 rats

112 432 240 494 tamdem
251 431 370 489 domum
393 430 500 490 oraturi
524 431 697 499 iutraverint,
717 427 861 488 exauditos
875 444 904 486 se
917 436 941 492 Α
954 439 981 486 ct
1001 428 1165 502 perlicieuda
1180 432 1222 480 est
1236 421 1403 479 ludaeorum.
1419 421 1500 490 Quod
1520 425 1596 478 starts
1618 430 1680 477 tute
1707 425 1750 481 'el-

111 526 260 598 gaudeant.
273 522 419 595 Completa
436 524 528 594 itaque
548 523 713 594 expiatione,
735 522 904 578 conuertitur
957 533 1016 578 tare
1031 520 1115 576 Deum
1130 519 1158 574 in
1176 515 1341 586 adjutorium
1354 513 1475 578 inuocat,
1492 510 1627 580 significat
1640 527 1688 594 eos
1699 511 1749 583 qul

114 618 247 674 edulcare
260 617 398 687 incipiens
419 616 622 686 autiphonam:
645 634 654 667 ι
673 615 797 672 introibo
817 614 852 670 ad
866 615 907 669 al·
956 621 1092 685 praecepta
1116 609 1178 665 lidei
1201 606 1357 678 cognitione
1377 620 1408 660 se
1432 602 1469 660 ad
1486 601 1557 656 bona
1575 617 1659 672 opera
1672 605 1749 658 etad

115 714 176 763 tare
199 705 245 761 Dei
261 704 445 777 (Psol.xr.rr),
467 720 555 760 »corn
584 704 644 775 ipso
657 705 774 774 psalmo,
791 712 820 759 et
832 704 906 774 quod
957 707 1062 762 luctam
1082 710 1176 757 contra
1188 697 1337 754 invisibiles
1352 697 1446 751 hostes
1459 692 1625 763 uccirrgunt;
1641 701 1670 750 et
1681 693 1748 765 quia

114 797 253 868 reliquum
269 795 353 852 luerit
379 795 414 852 de
436 795 730 866 aquapurilieutieuis,
756 795 791 850 ad
818 795 906 850 hasim
957 795 1062 852 desuis
1077 793 1182 848 viribus
1203 790 1297 846 minus
1324 792 1507 872 praesumunt,
1533 784 1655 842 ditinum
1668 787 1749 842 auxi-

116 886 214 944 aitaris
226 886 353 941 effundit.
370 885 473 941 Deinde
487 885 609 955 seipsum
621 884 706 940 altare
718 885 803 941 linteo
816 893 907 940 ester·
957 886 1024 941 lium
1040 885 1092 942 sibi
1106 884 1202 939 adesse
1223 881 1383 951 deposcunt.
1401 877 1431 932 ln
1444 889 1501 944 quo
1512 875 1576 946 quia
1584 878 1748 934 certantium

117 980 201 1052 gitur,
216 977 340 1048 pontifex
352 977 496 1034 incensum
509 976 597 1032 deiurt
607 991 690 1047 super
705 976 783 1031 iliud.
808 974 906 1032 Postea
957 977 1036 1034 labor
1059 974 1232 1046 exprimitur,
1248 972 1327 1043 quasi
1355 971 1426 1039 inter
1448 967 1567 1040 suspiria
1581 977 1608 1024 et
1618 969 1748 1040 gemitus,

115 1070 183 1127 iacit
196 1084 306 1125 crucem
319 1069 348 1124 in
362 1068 455 1124 medio
465 1067 571 1134 altaris,
595 1074 624 1122 et
632 1082 680 1136 per
692 1076 811 1138 quatuor
821 1082 907 1140 angu·
958 1068 1081 1126 uortdum
1094 1065 1202 1122 alleluia
1217 1065 1384 1120 nominatur.

113 1161 159 1216 lus
171 1161 231 1230 ejus
243 1160 278 1216 de
291 1160 353 1215 oleo
368 1158 550 1214 sanctificato.
567 1155 670 1213 Deinde
684 1157 713 1212 iu
732 1159 848 1214 circuitu
862 1173 908 1214 ec·
993 1159 1061 1215 Post
1079 1159 1136 1214 haec
1150 1171 1221 1228 aqua
1239 1155 1409 1212 benedicitur
1431 1166 1496 1210 cum
1511 1152 1569 1208 sale
1592 1160 1622 1208 et
1645 1151 1748 1220 cinere,

117 1248 209 1306 clesiae
224 1240 372 1303 duodecim
391 1246 684 1304 eruces'chrismantur
707 1247 735 1303 iu
758 1249 908 1319 parictibus
957 1251 1051 1307 addito
1064 1249 1128 1304 tino
1141 1264 1212 1320 aqua
1233 1247 1323 1302 misto.
1341 1247 1419 1316 atqua
1432 1243 1550 1315 populus
1571 1254 1620 1308 cst,
1636 1244 1676 1299 sal
1699 1245 1751 1300 do·

114 1339 151 1393 ab
165 1339 225 1408 ipsu
239 1338 380 1409 pontifice,
393 1347 451 1393 tres
466 1352 515 1408 per
527 1336 651 1407 singulos
661 1336 793 1410 liguratae.
806 1338 908 1394 Rever·
958 1342 1058 1407 ctrina,
1083 1341 1153 1396 cinis
1186 1339 1322 1410 passionis
1346 1337 1451 1393 Christi
1483 1336 1627 1402 memoria,
1654 1336 1749 1392 uinum

120 1443 169 1483 sus
192 1428 292 1484 deinde
310 1429 367 1483 itur
388 1428 423 1482 ad
447 1428 533 1482 altare
548 1439 709 1495 accensum,
733 1429 798 1486 thus
824 1445 909 1500 super
956 1445 1032 1505 ¹agua
1049 1433 1173 1498 mistum,
1188 1445 1289 1500 eorpus
1314 1428 1386 1483 Deus
1400 1438 1427 1483 et
1445 1431 1538 1483 bomo.
1557 1425 1656 1482 linum
1680 1429 1751 1484 diri-

115 1517 185 1571 illud
203 1515 283 1571 oiiett
295 1516 322 1570 in
337 1515 449 1571 modum
463 1515 564 1584 erucis,
579 1525 606 1571 et
618 1518 659 1572 sie
670 1528 780 1591 peracta
790 1518 909 1589 denique
959 1522 1041 1592 nitas,
1056 1537 1127 1595 ttytta
1141 1521 1304 1578 mortalitas.
1320 1518 1366 1576 Sic
1396 1519 1469 1574 euim
1486 1518 1604 1588 pupulus
1629 1521 1751 1576 sarcuil·

116 1609 340 1676 consecratione,
353 1609 443 1679 ipsum
456 1608 543 1663 sture
555 1608 625 1665 albis
644 1609 827 1666 velaminibus
841 1621 908 1681 ope·
959 1623 1037 1671 catur
1048 1613 1172 1670 doctrina
1187 1611 1259 1679 ndei,
1273 1621 1301 1666 et
1318 1611 1450 1666 memoria
1478 1611 1616 1682 passionis
1636 1611 1749 1678 Cirr-isti,

115 1701 198 1757 citur.
217 1700 283 1756 llaec
295 1701 330 1756 de
347 1701 447 1757 risibili
458 1700 644 1768 dedicatione;
662 1702 729 1773 quid
741 1712 834 1760 autem
848 1716 908 1776 oty-
959 1707 1055 1765 unitus
1073 1705 1157 1777 cupiti
1180 1717 1231 1761 suo
1245 1701 1339 1760 Decet
1354 1701 1469 1758 bourini.
1497 1703 1562 1760 Post
1585 1703 1643 1760 hoec
1661 1704 1752 1760 eccle·

116 1798 196 1854 sterii
207 1799 259 1854 ista
271 1797 427 1854 contineant
436 1795 584 1853 uidendum
594 1805 637 1853 est
646 1796 736 1854 nobis.
923 1773 946 1828 B
960 1799 1002 1856 sia
1018 1798 1133 1854 interius
1146 1813 1216 1870 aqum
1231 1796 1398 1852 sanctificata
1412 1797 1575 1868 aspergitur,
1594 1805 1623 1852 ut
1635 1807 1661 1852 et
1676 1798 1750 1854 intus

458 1905 567 1946 orrrsto.
959 1900 987 1947 et
1000 1892 1122 1947 caterius
1136 1889 1227 1944 anima
1242 1889 1410 1945 sanctiticata
1430 1889 1597 1944 ostendatur.
1613 1889 1750 1960 dsperso·

131 1969 134 1972 ’
155 1979 241 2036 llulta
257 1981 284 2036 in
299 1981 909 2056 liisorouibuslatentprofundamysteria,ex
960 1983 1170 2056 rium'byssepi
1196 1982 1379 2039 irunulit-atem
1401 1983 1506 2042 'Gltristi
1530 1983 1675 2056 siguificat,
1694 1999 1749 2054 qua

115 2073 221 2142 quibus
233 2090 320 2145 pauca
331 2074 364 2128 ad
378 2074 539 2130 memoriam
551 2074 907 2148 excitandamattingatuus.
960 2090 1072 2148 aspersa
1101 2084 1195 2131 saluta
1218 2073 1368 2128 moriemur
1398 2073 1531 2130 hicclesia.
1553 2075 1657 2129 Circuit
1680 2090 1750 2144 pou-

115 2161 224 2219 Domus
247 2164 397 2220 dedicanda
423 2166 618 2223 sao‘ctiiieauda
644 2168 736 2224 anima
762 2178 819 2236 est;
837 2184 909 2240 aqua
957 2166 1027 2223 tiicx
1042 2166 1129 2222 altare
1149 2161 1296 2220 ecelesiam
1310 2171 1394 2217 tetam
1409 2163 1587 2234 aspergendo,
1598 2165 1677 2232 quasi
1687 2178 1750 2218 errr-

114 2251 191 2306 euim
211 2261 253 2308 est
266 2254 437 2324 punitentia,
465 2255 561 2312 sordes
587 2256 703 2312 abluens
722 2266 907 2327 peecatorum.
958 2275 1009 2318 aes
1019 2258 1171 2326 lustrando,
1187 2266 1215 2312 et
1227 2270 1321 2312 ctrmm
1336 2255 1517 2327 impendendo
1527 2256 1656 2311 omatibus
1666 2255 1749 2312 uerbo
1832 2307 1835 2316 .

115 2341 175 2410 sat,
188 2345 396 2402 sermodiviuus
409 2345 595 2416 increpatione
602 2346 731 2403 mordens
739 2356 767 2403 et
778 2347 909 2406 condiens
958 2329 1122 2423 etexemple
1137 2361 1312 2406 communem
1329 2362 1359 2403 sc
1372 2347 1497 2419 prebens
1512 2347 1667 2404 uniuersis:
1686 2363 1750 2418 pnr-

115 2435 200 2490 corda
216 2434 344 2506 insipida.
361 2431 444 2492 Trina
461 2437 584 2508 aspersio
597 2438 670 2493 trina
683 2439 786 2496 metue
799 2448 842 2496 est
858 2455 909 2510 ptr·
959 2453 1020 2516 pter
1033 2443 1106 2514 quod
1128 2441 1212 2497 cti-am
1226 2455 1296 2513 opus
1318 2439 1443 2496 oratione
1464 2447 1647 2504 consummat,
1665 2454 1749 2496 orans

114 2527 243 2584 rilieandi
258 2533 306 2599 per
318 2545 430 2600 aquam.
443 2530 593 2586 Duodecim
607 2531 754 2588 luminaria
768 2543 909 2604 suntapo-
959 2545 991 2592 ιιι
1015 2535 1197 2592 exaudimur
1209 2533 1250 2588 ihi
1270 2535 1345 2604 justa
1371 2539 1504 2604 petentes,
1522 2531 1652 2602 quurriam
1678 2547 1749 2603 opus

114 2619 182 2674 stoli
205 2616 354 2674 Ecclesiam
369 2634 418 2690 per
435 2627 554 2690 quatuor
578 2619 674 2675 mundi
697 2629 789 2691 partes
808 2621 910 2677 illumi·
959 2627 1151 2686 tomiutssine
1164 2625 1256 2682 divino
1270 2625 1373 2684 auritio
1385 2631 1562 2694 essopotest:
1577 2623 1749 2680 trouuosum

115 2719 226 2777 nantes,
238 2719 264 2766 et
280 2709 370 2766 crucis
384 2709 545 2782 mysterium
558 2726 607 2783 per
619 2719 706 2767 totum
718 2712 851 2768 mundum
865 2713 910 2769 de-
959 2736 1020 2778 psse
1033 2733 1086 2774 pon
1098 2715 1197 2790 potest,
1206 2715 1502 2784 Nouissimeeompletp
1513 2714 1666 2786 expiatione
1678 2730 1750 2786 pon.

114 2799 247 2858 iereotes.
257 2800 383 2857 Pontifex
397 2801 525 2859 Christus
535 2814 592 2870 est;
609 2803 696 2874 uirga,
713 2813 849 2874 potestas3
860 2805 910 2860 tri·
959 2809 1026 2867 tifex
1045 2810 1080 2867 ad
1100 2809 1184 2866 altare
1205 2807 1384 2874 tmnrcrtitur,
1399 2805 1474 2877 quoti
1498 2807 1633 2876 rcissquuttt
1655 2815 1698 2862 cst
1715 2807 1751 2862 da

115 2910 154 2949 na
170 2894 388 2965 superliminaris
410 2896 562 2967 percussio,
577 2897 639 2952 coeii
655 2905 798 2969 terreque,
820 2907 848 2954 ct
865 2899 909 2954 in·
959 2919 1030 2974 aqua
1056 2901 1253 2974 purincationis
1265 2899 1298 2955 ad
1312 2899 1399 2955 basim
1424 2898 1485 2969 ejus
1506 2897 1657 2964 effundens,
1669 2899 1749 2968 quasi

115 2985 191 3043 serui
205 2988 363 3043 deminutio.
378 2986 559 3060 interrogatio
572 2987 684 3056 inclusi,
694 2988 848 3059 ignorantia
859 2999 909 3060 po·
959 2993 1134 3051 committens
1147 2992 1203 3048 Deo
1214 2991 1287 3062 quod
1299 3005 1382 3062 super
1392 2997 1433 3046 est
1447 2987 1518 3044 uires
1535 3004 1599 3044 suas
1613 2989 1750 3044 excedens

115 3080 191 3151 puli;
207 3080 311 3150 apertio
321 3080 396 3148 ostii,
411 3080 530 3136 sublatio
543 3082 658 3152 peceati.
679 3079 805 3137 Pontifex
818 3081 943 3162 ingre-0
960 3085 1168 3157 inperfectione
1186 3083 1318 3154 mysterii.
1335 3081 1438 3137 Dehinc
1452 3081 1535 3136 linteo
1552 3081 1637 3137 altare
1658 3091 1750 3136 exter-

114 3171 354 3227 dicnsecclesiam
377 3187 472 3242 pacem
496 3172 607 3228 Domini
633 3172 818 3244 imprecatur,
843 3176 909 3246 qnia
960 3179 1042 3249 gitur.
1070 3177 1162 3233 ditare
1188 3175 1380 3242 Christuses't,
1396 3187 1478 3245 super
1501 3187 1584 3243 quem
1608 3171 1750 3227 olieriruus

114 3260 247 3318 Christus
260 3262 393 3318 mundum
406 3262 563 3334 ingrediens
580 3273 675 3334 pacem
690 3265 763 3320 iuter
778 3263 865 3322 Deum
881 3274 910 3322 et
958 3267 1033 3324 Patri
1049 3277 1150 3324 nostrae
1170 3266 1322 3323 deuotionis
1344 3281 1454 3321 mortus.
1471 3263 1596 3320 Linteum
1611 3279 1676 3320 curo
1689 3264 1751 3334 tius

115 3353 258 3408 hominem
272 3353 349 3408 lacit.
374 3347 533 3410 Prostratus
548 3368 597 3423 pro
624 3354 841 3412 sanctificatione
860 3356 916 3417 do·¹
959 3360 1135 3416 tunsionibus
1152 3358 1290 3430 passionis
1311 3355 1345 3412 ad
1368 3357 1514 3414 eandorem
1535 3356 1751 3427 incorruptionis

115 3461 181 3501 ntus
193 3453 265 3512 orat,
283 3455 312 3501 et
326 3445 453 3502 Christus
467 3441 629 3503 humiliatus
652 3462 702 3517 pre
727 3448 870 3520 discipulis
882 3459 910 3506 et
959 3451 1098 3523 perducta.
1114 3447 1256 3507 incensum
1269 3448 1407 3504 orationes
1421 3453 1579 3502 sanctorum
1593 3447 1748 3517 significan

114 3553 168 3608 pro
186 3537 781 3595 crediturisomnibusPatremoratdieens:
797 3539 907 3612 «Pater,
959 3545 1051 3600 oleum
1070 3551 1160 3598 autem
1177 3542 1293 3612 gratiam
1317 3538 1438 3609 Spiritus
1461 3527 1546 3594 saricti
1571 3539 1751 3604 deuronstmt,

114 3628 257 3686 sanctifica
268 3645 316 3685 eus
333 3629 361 3684 iu
375 3630 488 3685 nomine
499 3638 546 3685 tuo
561 3628 652 3701 (leun.
666 3631 744 3702 xum).
760 3646 770 3685 ι
788 3631 910 3705 Surgeus
959 3635 1039 3706 eujus
1057 3631 1198 3705 plenitudo
1212 3633 1240 3688 iu
1255 3631 1344 3702 eapite
1368 3630 1516 3702 praecessit.
1544 3629 1648 3686 Delrinc
1668 3629 1752 3700 parti·

113 3729 210 3774 autern
225 3720 261 3775 ab
275 3721 398 3776 oratioue
419 3721 551 3791 populum
568 3734 624 3776 non
653 3723 764 3790 salutat,
778 3725 908 3794 quoniam
958 3726 1102 3798 eipatioad
1117 3725 1238 3780 mentbra
1252 3723 1374 3779 deduxit.
1402 3722 1515 3793 Propter
1541 3722 1594 3778 bec
1609 3738 1624 3777 a
1642 3729 1751 3778 sacrato

114 3809 165 3879 qui
180 3809 298 3865 necdum
317 3810 479 3866 sanctificati
493 3820 558 3866 sunt
569 3811 787 3881 applaudendum
799 3827 854 3867 non
867 3822 910 3870 est
959 3819 1039 3874 altari
1056 3817 1199 3873 duodecim
1224 3829 1320 3871 cruces
1333 3813 1361 3868 in
1378 3816 1528 3886 parietibus
1554 3816 1750 3882 chrismantur,

112 3899 194 3971 ipsis,
211 3901 259 3958 sed
279 3902 412 3958 orandum
424 3916 474 3972 pre
492 3902 570 3972 ipsis.
595 3901 748 3973 Descriptio
761 3903 907 3974 alphabeti,
958 3911 1024 3982 quia
1051 3907 1200 3979 spiritualis
1224 3905 1311 3978 gratia
1330 3902 1471 3962 acin-isto
1494 3904 1679 3977 in'upostolos
1699 3907 1752 3965 de·

115 3993 234 4063 simplex
248 3994 372 4050 doctrina
385 3994 447 4048 iidei
456 4011 465 4061 ;
474 3992 670 4064 pavimentum,
682 4008 730 4048 cor
745 3993 907 4050 humanum.

115 4083 147 4138 lu
162 4086 319 4155 parimento
333 4086 507 4156 alphabetum
519 4085 694 4152 describitur,
707 4087 836 4155 quoniam
848 4100 909 4142 ear·

112 4177 188 4232 uatis
201 4178 317 4247 populus
336 4178 424 4249 prima
437 4193 470 4233 ac
480 4175 597 4247 simplici
619 4176 744 4233 doctrina
772 4175 907 4233 initiatur.

112 4267 221 4324 Ductus
236 4284 252 4323 a
269 4267 383 4324 sinistro
409 4269 510 4339 angulo
527 4267 641 4324 orientis
666 4268 695 4322 iu
717 4267 842 4322 dextrum
858 4283 908 4324 uc·

113 4359 245 4426 cidentis,
264 4369 291 4415 et
317 4361 381 4416 item
395 4377 411 4416 a
423 4361 521 4417 dextre
545 4359 646 4430 angulo
671 4359 785 4415 orientis
799 4360 827 4414 in
840 4360 907 4416 siui-

959 3999 1122 4066 scandiam
1139 3997 1228 4053 crucis
1257 3995 1417 4068 mysterium
1442 4009 1490 4066 per
1511 4007 1629 4067 quatuor
1655 3997 1750 4054 utuudi

958 4098 1126 4162 partescum
1148 4087 1201 4142 lide
1223 4083 1364 4140 Trinitatis
1391 4085 1579 4154 praedicarent.
1594 4085 1748 4146 Candidum

957 4181 1163 4251 celantemque
1179 4185 1240 4250 post
1254 4177 1487 4232 consecrationem
1506 4176 1591 4232 altare
1615 4177 1749 4248 operitur,

958 4272 1073 4345 gloriam
1085 4270 1295 4342 incorruptionis
1305 4269 1439 4338 designat,
1453 4281 1505 4337 qua
1517 4276 1579 4337 post
1592 4267 1749 4338 passionem

959 4363 1298 4433 consumpta‘mortalitnte
1314 4357 1378 4416 iesu
1399 4358 1555 4414 humanitas
1579 4357 1672 4414 induta
1694 4373 1748 4427 cst,

113 4460 205 4508 strum
235 4453 384 4510 occidentis
411 4450 528 4508 iormam
553 4451 644 4507 crucis
664 4449 814 4521 exprimit,
841 4451 906 4522 quia
921 4451 1170 4524 itsicotscriptum
1184 4462 1244 4510 est:
1261 4471 1271 4506 r
1288 4447 1453 4508 conscidisti
1473 4465 1583 4506 saecum
1608 4465 1710 4518 meunt,
1721 4461 1749 4508 et

113 4545 255 4600 mentibus
268 4545 411 4605 homiuum
426 4559 475 4616 per
488 4543 569 4600 iidem
588 4542 751 4614 stengelius
768 4541 907 4613 'mdica-

112 4637 201 4692 tiouis
214 4637 390 4706 imprimitur.
404 4635 438 4692 Et
450 4637 515 4708 quia
539 4635 659 4707 primum
685 4634 753 4690 iides
765 4633 793 4689 iu
805 4632 907 4694 ludaeis

957 4545 1160 4604 circumdedisti
1175 4559 1218 4602 me
1230 4543 1323 4601 laetitia
1336 4542 1422 4617 (Psoi.
1439 4541 1525 4614 sarr).
1542 4561 1551 4594 ι

1182 4652 1318 4694 sennenn
1332 4649 1523 4692 oeurcnrrout.

28 4742 29 4785 ι
112 4727 177 4796 suit,
193 4737 325 4799 etpostea
337 4729 477 4801 adgentes
489 4729 625 4795 transivit,
637 4735 665 4784 et
679 4744 788 4784 rursum
801 4729 829 4783 in
853 4731 907 4787 llne
995 4749 1005 4782 r
1025 4728 1117 4786 Sancti
1131 4728 1260 4800 Spiritus,
1274 4727 1396 4794 Dentine,
1418 4727 1499 4782 eorda
1516 4733 1609 4782 nostra
1635 4725 1748 4784 mundet

29 4830 30 4895 s
112 4835 178 4876 cum
190 4820 331 4889 plenitudo
343 4822 464 4892 gentium
477 4821 629 4886 intraverit,
644 4828 708 4874 ttrnc
721 4821 811 4877 omnis
823 4819 906 4878 lsrael
956 4820 1070 4890 inlusio,
1093 4831 1120 4877 et
1141 4821 1185 4878 sui
1211 4819 1282 4876 roris
1304 4818 1400 4872 intima
1427 4819 1585 4888 aspersione
1616 4819 1746 4876 secundet

30 4912 31 4935 ³
113 4911 210 4968 salvus
223 4912 285 4967 erit.
303 4909 451 4982 Utriusque
477 4926 551 4982 ergo⁴
567 4909 661 4982 populi
677 4909 864 4968 collectionem
877 4912 906 4969 bi
957 4913 1048 4984 (Orat.
1065 4910 1151 4982 suits.)
1165 4929 1175 4963 ι
1193 4910 1295 4966 liot'ato
1308 4908 1386 4963 uobis
1401 4908 1507 4974 novale,
1523 4917 1549 4963 et
1560 4909 1645 4966 nolite
1655 4926 1746 4968 serere

31 4994 32 5059 ἶ
112 5004 171 5060 duo
190 5019 288 5060 uersus
313 5004 468 5076 significant
480 5003 508 5058 in
526 5003 618 5058 crucis
644 5000 731 5071 elligie
759 5005 905 5074 compacti,
956 5017 1040 5072 super
1056 5003 1150 5074 spinas
1163 4998 1229 5070 (ier.
1242 4999 1291 5070 rt).
1304 4996 1437 5054 Dominus
1458 4997 1522 5054 dicit
1537 4998 1565 5054 in
1581 4998 1744 5072 Evangelio:

111 5097 168 5154 hoc
178 5103 222 5154 est
236 5097 310 5168 quod
326 5093 412 5152 Jacob
428 5095 499 5150 lilios
524 5092 625 5164 loseph
650 5093 823 5161 berrmieeos,
838 5110 905 5152 can·
958 5090 1363 5158 «Ncmnmittituiuumbovum
1376 5088 1403 5144 in
1414 5095 1613 5157 utresueteres3
1624 5089 1752 5160 alioquin

110 5189 222 5246 cellatis
233 5188 361 5248 ruoaibus
374 5187 491 5243 formam
507 5185 597 5241 crucis
612 5185 769 5256 exprimens
782 5185 904 5242 dextram
955 5185 1130 5256 disrumpunt
1153 5193 1228 5240 utres
1255 5192 1283 5238 ct
1309 5183 1403 5238 uinum
1435 5181 1597 5266 fflurrdetur,
1622 5191 1649 5239 ct
1671 5193 1745 5240 uuet

109 5295 323 5351 mauuuusuper
347 5277 630 5351 supersparsimus
660 5278 799 5334 sinistram
824 5293 906 5349 super
955 5276 1094 5346 peribunt.
1122 5273 1174 5332 Sed
1201 5275 1296 5330 vinum
1317 5289 1417 5329 trorum
1436 5273 1463 5328 in
1486 5282 1559 5330 utres
1581 5274 1744 5329 norosmit·

110 5380 199 5444 caput
210 5371 337 5430 Donasse
347 5373 441 5443 posuit
455 5370 531 5443 (Gen.
546 5368 653 5440 xertrr),
668 5370 744 5440 quia,
756 5369 840 5440 priori
853 5385 904 5439 po·
955 5375 1039 5434 tatur,
1053 5375 1081 5422 ct
1099 5372 1216 5436 utraque
1239 5373 1383 5422 serrantur
1402 5363 1512 5435 (liniti.
1529 5363 1579 5430 rx).
1597 5381 1607 5416 ι
1626 5363 1745 5434 ntiqued

108 5466 179 5538 pulo
201 5463 423 5535 abjecto,y'unior
449 5463 484 5518 ad
510 5461 649 5516 dexteram
677 5461 829 5516 collocatus
851 5469 903 5516 est.
953 5459 1048 5516 sirium
1065 5460 1117 5515 boc
1130 5459 1196 5531 agit,
1209 5459 1334 5514 uthumo
1353 5457 1452 5528 aliquis
1466 5455 1637 5527 irrumputin
1652 5456 1739 5529 lacry-

107 5557 254 5614 Cambueu
274 5555 332 5611 sire
347 5555 424 5626 uirga
442 5552 663 5628 pastoralisque
680 5551 821 5622 Scriptura
835 5549 905 5622 tigu-

106 5660 201 5715 rstur,
218 5645 379 5718 mysterium
394 5645 531 5717 signidem
545 5645 700 5712 doctorum,
713 5658 831 5716 quorum
846 5651 904 5699 stu·

106 5745 155 5799 dio
169 5751 198 5798 et
217 5736 409 5810 predicatione
423 5745 450 5794 et
459 5737 603 5796 consertio
628 5737 748 5811 gentium
765 5734 835 5828 iacta
849 5745 901 5806 est,

955 5567 1025 5619 mas,
1036 5550 1183 5616 alienando
1201 5559 1228 5607 et
1241 5565 1290 5607 eor
1302 5548 1423 5606 hominis
1437 5545 1563 5602 ltetiilest.
1582 5544 1688 5602 Norunt
1699 5548 1743 5603 ti-

955 5660 1022 5701 num
1035 5653 1078 5700 est
1088 5641 1134 5698 Dei
1145 5644 1270 5709 verbum,
1282 5641 1353 5714 quod
1366 5637 1470 5696 homini
1484 5635 1560 5706 iusto
1580 5649 1686 5707 semper
1701 5637 1745 5694 iu·

956 5735 1025 5810 gerit
1037 5749 1137 5794 uorum
1152 5733 1291 5806 gaudium.
1304 5731 1491 5787 veterescere
1506 5737 1581 5786 utres
1591 5734 1655 5784 suut
1666 5741 1746 5788 ntur-
