4017 6342
797 293 1004 401 xvBreuem
1021 344 1168 404 iocaris
1188 345 1218 402 s.
1239 343 1352 402 stim

1072 488 1106 502 u-

593 583 944 724 uolfflllua
981 633 1206 728 nnuma
1246 626 1532 726 sarmul.

911 829 1100 895 Secundum
1115 829 1246 892 Lucam.

285 1008 380 1064 ellum
400 1003 516 1061 intraret
528 999 608 1056 lesus
619 995 648 1050 in
664 985 779 1045 demum
805 984 966 1058 curjusdam
978 993 1054 1066 prin·
1069 1001 1093 1059 Α
1106 1002 1180 1050 ctum
1194 1001 1236 1048 est
1247 1008 1360 1065 regnum
1376 992 1514 1048 coelorum
1529 985 1648 1045 bomini
1662 981 1721 1056 regi
1736 983 1783 1056 qui
1798 982 1904 1046 lecitnu·

248 1103 319 1174 cipis
329 1099 531 1155 Phartsreorum
546 1091 667 1148 Sabbata
685 1067 865 1138 manducare
894 1103 1011 1158 panem,
1029 1097 1057 1144 et
1108 1087 1179 1158 ptias
1193 1085 1312 1142 filiosuo
1324 1085 1435 1158 (llctth.
1452 1083 1539 1156 xru).
1558 1100 1569 1134 r
1588 1079 1634 1134 hd
1661 1077 1715 1134 has
1733 1079 1837 1150 nuptias
1853 1083 1904 1152 qui.

251 1193 305 1264 ipsi
324 1189 506 1248 observabant
522 1200 596 1242 eum.
615 1179 730 1236 Etecoe
746 1167 835 1229 bomo
863 1181 978 1250 quidam
1007 1180 1058 1252 hy-
1108 1174 1174 1232 libet
1187 1177 1328 1241 invitatus,
1344 1175 1424 1232 idest
1440 1174 1580 1231 Ecclesiae
1593 1169 1735 1228 memhris
1750 1173 1903 1244 conjunctus,

253 1283 384 1354 dropicus
396 1288 456 1336 erat
466 1288 529 1334 ante
539 1271 699 1345 illumssllrrtr.
710 1259 1058 1342 xrvlollydropisismnr·
1108 1285 1164 1326 non
1180 1270 1335 1326 discumbat
1352 1271 1379 1324 in
1394 1269 1483 1340 primo
1500 1269 1577 1332 loco,
1598 1265 1656 1320 boc
1672 1272 1785 1320 estnon
1808 1269 1903 1324 extollat

253 1376 309 1431 bus
331 1373 367 1428 ab
381 1384 486 1442 aquoso
506 1370 624 1424 humore
632 1357 805 1428 ‚vocabulum
831 1362 934 1430 trahit,
963 1359 1058 1416 Graece
1108 1375 1138 1418 sc
1154 1361 1296 1432 gloriando
1307 1361 1340 1416 de
1354 1361 1460 1416 meritis
1474 1361 1534 1416 suis
1553 1357 1641 1430 quasi
1655 1355 1693 1411 sit
1708 1356 1846 1414 sublimior
1856 1375 1900 1416 rc·
1989 1439 1990 1448 ἵ

256 1466 332 1522 enim
344 1465 412 1519 udor
430 1460 524 1537 [ὔδωρ]
544 1475 614 1532 aqua
627 1465 753 1514 vocatur.
772 1451 822 1510 Est
837 1465 930 1511 autem
956 1455 1058 1510 subcu·
1108 1454 1185 1508 teris
1210 1449 1324 1508 Student
1347 1461 1421 1507 veste
1437 1452 1555 1524 nuptiali
1581 1449 1698 1516 vestiri,
1716 1449 1768 1504 hoc
1786 1450 1899 1508 virtutum
1989 1453 1990 1498 ἶ

257 1571 357 1614 taneos
372 1556 482 1612 devitio
495 1554 593 1610 vesicae
606 1560 699 1616 natus,
713 1563 777 1604 curn
794 1547 937 1604 indatione
962 1556 990 1602 et
1008 1563 1059 1602 an·
1108 1542 1215 1614 fulgore
1230 1560 1388 1612 coruscare,
1409 1546 1455 1600 sed
1469 1561 1533 1600 cum
1548 1543 1725 1599 humilitate.
1743 1541 1899 1601 ltorioratiori

257 1651 345 1707 halitu
362 1648 473 1714 loetido,
494 1645 692 1719 propriumque
716 1650 758 1697 cst
782 1641 936 1712 hydropici,
954 1649 1058 1712 quanto
1108 1637 1224 1693 inritato
1234 1639 1281 1693 dat
1294 1639 1395 1706 locum,
1408 1640 1455 1710 qui
1477 1640 1512 1695 de
1531 1639 1596 1695 aliis
1611 1639 1731 1694 meliora
1747 1654 1901 1712 cognoscens
1989 1717 1990 1720 Ἴ

258 1743 347 1816 magis
376 1740 497 1795 abundat
519 1737 635 1793 humore
658 1735 825 1800 inordinato,
842 1742 917 1788 tauto
938 1731 1058 1803 amplius
1108 1728 1242 1800 quidquid
1260 1730 1353 1786 desua
1373 1732 1660 1802 operatione-celsum
1684 1731 1900 1802 scritiebatparva
1989 1767 1990 1772 κ

258 1835 346 1893 sitire.
361 1831 467 1887 Etideo
482 1839 555 1886 recte
571 1835 747 1898 comparatur
759 1825 785 1880 ei
797 1840 878 1896 quem
894 1823 1058 1879 llususcar-
1107 1830 1227 1891 reputat,
1257 1829 1370 1880 etcum
1395 1821 1531 1894 Propheta
1559 1839 1590 1880 se
1620 1823 1764 1891 humiliat,
1794 1825 1898 1882 dicens:

258 1927 363 1987 nahum
391 1924 561 1994 voluptatum
591 1920 747 1976 exuberans
773 1925 919 1990 aggravat,
945 1931 1058 1988 compa·
1111 1909 1243 1982 «Pauper
1255 1928 1316 1968 sum
1328 1929 1378 1984 ego
1391 1913 1457 1968 etin
1473 1913 1650 1970 laboribusa
1675 1915 1818 1986 jrrrcntute
1836 1931 1898 1984 mea,
1989 1921 1990 1930 ¹

258 2010 1058 2084 raturetdivitiavaro,quiquantocopiosiorestdivitiis
1108 2003 1244 2060 exaltatus
1269 2015 1360 2060 autem
1388 2006 1550 2064 humiliatus¹
1583 2023 1646 2062 sum
1678 2015 1708 2062 et
1733 2007 1899 2064 conturbatus
1989 2009 1990 2016 ’

257 2111 361 2182 quibus
382 2122 437 2164 non
459 2107 531 2163 bene
550 2105 647 2169 utitor,
661 2112 739 2160 tanto
756 2102 965 2168 ardentiusalia
989 2116 1058 2158 con·
1109 2093 1199 2166 (Pull-
1214 2098 1350 2168 Lluvnl·
1371 2116 1380 2150 r
1399 2097 1497 2155 Μθιῑῑθ
1514 2115 1577 2155 ⁰⁰⁰¹
1590 2101 1697 2156 Πώῡῐθ
1710 2100 1844 2172 Pffl⁰5¹⁰¹¹⁸
1857 2116 1900 2156 ¹¹⁰¹
1989 2143 1990 2162 r

256 2204 386 2276 umagen,
1107 2187 1252 2245 vissimum
1265 2190 1356 2246 locum
1370 2191 1398 2246 in
1413 2190 1536 2248 Ecclesia
1547 2202 1624 2250 tenet
1638 2193 1734 2266 quise
1749 2211 1829 2266 super
1840 2195 1900 2252 alios

297 2315 307 2350 r
328 2293 362 2352 ta
379 2293 550 2366 respondens
565 2289 647 2346 lesus
673 2289 744 2345 dixit
771 2301 806 2344 aa
832 2285 1004 2360 legisperitos
1031 2294 1059 2340 et
1108 2279 1210 2336 exaltat
1222 2279 1284 2352 plus
1302 2297 1385 2354 quam
1404 2281 1501 2340 licum.

257 2389 424 2456 Phariaene,
437 2386 532 2442 dicens
547 2401 555 2438 c
572 2382 602 2438 Si
617 2383 681 2438 licet
692 2380 813 2437 Sabbata
832 2393 941 2435 curare.
959 2377 995 2433 ht
1017 2375 1058 2432 illi
1073 2367 1095 2421 B
1147 2392 1157 2427 r
1173 2373 1226 2432 Sed
1241 2392 1304 2432 cum
1315 2387 1429 2435 vocatus
1441 2378 1527 2440 lucris
1546 2381 1581 2437 ad
1600 2382 1726 2452 nuptias,
1740 2383 1864 2440 recumbe
1876 2384 1901 2438 in

257 2487 415 2539 tacuerunt.
434 2497 444 2531 i
466 2475 565 2532 llerito
580 2481 726 2530 tacuerunt
742 2472 791 2544 qui
804 2487 834 2528 se
845 2479 940 2526 contra
953 2470 1057 2526 dictum
1109 2469 1260 2525 novissimo
1275 2471 1346 2538 loco,
1362 2481 1402 2538 ut,
1419 2488 1481 2528 cunr
1498 2476 1663 2546 veneritqui
1677 2485 1705 2531 re
1724 2475 1856 2544 invitarit,
1866 2477 1901 2530 di-

256 2570 391 2644 quidquid
408 2566 649 2630 direrintvident;
667 2565 784 2629 sienim
805 2578 905 2619 curare
920 2562 995 2630 licet,
1009 2577 1059 2618 cur
1109 2569 1154 2617 cat
1164 2560 1229 2616 tibi:
1243 2561 1347 2628 Amice,
1360 2563 1476 2619 ascende
1490 2565 1633 2636 superius;
1647 2576 1718 2621 tunc
1729 2567 1839 2623 erittibi
1853 2566 1901 2638 glo·

257 2663 407 2717 obsecrant
417 2660 441 2715 si
456 2657 606 2715 Sabbatum
618 2655 741 2712 solverit.
756 2652 785 2710 Si
801 2654 937 2720 nonlicet,
948 2669 998 2709 cur
1009 2668 1058 2725 pc·
1109 2651 1150 2706 ria
1164 2668 1256 2707 coram
1275 2653 1357 2708 simul
1373 2654 1621 2712 discumbentibus.
1640 2676 1650 2708 i
1670 2655 1784 2724 Quanto
1798 2673 1900 2729 magnus

257 2769 324 2812 cora
340 2759 448 2808 c'urant.
466 2749 539 2805 Dixit
549 2749 643 2805 dicens
659 2766 666 2803 ι
683 2748 749 2804 talis
765 2748 867 2818 positio
877 2757 920 2803 est
943 2746 1057 2818 qualis:
1108 2757 1149 2810 cs,
1163 2743 1278 2799 humilia
1295 2753 1320 2800 te
1334 2745 1362 2800 in
1379 2746 1517 2814 omuibus,
1532 2763 1595 2804 cum
1614 2747 1769 2806 Psalmista
1788 2750 1874 2806 dicens
1892 2769 1898 2803 :

259 2845 461 2915 «Exspectans
475 2841 628 2912 exspectari
644 2839 732 2912 (Psoi.
746 2839 853 2911 xxxix),
875 2839 1058 2910 »significans
1112 2833 1310 2891 ‹Huntiliatus
1347 2853 1408 2892 sum
1433 2854 1633 2912 usquequaque
1676 2839 1769 2911 (Psoi.
1795 2843 1897 2911 eruti

256 2935 489 3011 perseverantiam
510 2933 657 3006 loquentis,
673 2932 761 2989 dorice
786 2933 895 3005 expleat
916 2931 991 3004 quod
1018 2931 1058 2986 in·
1109 2925 1227 2984 Veniens
1252 2926 1385 2986 Dominus
1414 2931 1448 2987 ad
1476 2932 1611 3002 judicium
1643 2935 1689 2990 vel
1713 2935 1750 2990 ad
1778 2935 1902 3006 quotidia-

258 3031 354 3087 tendit.
1108 3036 1173 3077 nam
1188 3023 1371 3078 visitationem
1388 3022 1516 3081 Ecclesiae
1526 3028 1651 3098 praecipit
1667 3029 1816 3084 ascendere
1825 3043 1900 3098 quem

297 3141 307 3176 r
324 3123 384 3195 lpse
396 3137 461 3178 rem
484 3119 686 3193 apprehensum
708 3118 817 3174 sanavit
834 3132 908 3183 eum,
920 3131 954 3172 ac
974 3114 1056 3170 dimi·
1108 3116 1196 3188 magis
1222 3117 1356 3172 invenerit
1380 3133 1410 3174 se
1427 3120 1581 3176 humiliare.
1598 3119 1677 3176 Unde
1695 3121 1761 3176 illud
1787 3119 1902 3188 :rQui-

258 3217 303 3272 sit.
324 3213 357 3272 th
381 3213 551 3284 respondens
572 3211 606 3268 ad
633 3211 694 3266 illos
716 3210 805 3266 dixit:
830 3209 917 3281 Cujus
934 3217 1057 3264 restrum
1108 3223 1216 3279 cunque
1231 3209 1415 3266 humiliaverit
1437 3226 1467 3266 se
1491 3211 1564 3267 sicut
1581 3213 1723 3284 parvulus,
1746 3212 1794 3268 hic
1817 3215 1901 3282 major

258 3310 355 3368 asinus
373 3309 526 3366 autbosin
548 3315 660 3379 puteum
678 3305 767 3374 cadet,
792 3314 820 3361 et
846 3321 901 3361 nou
924 3305 1057 3361 continuo
1107 3311 1148 3358 est
1172 3303 1200 3357 in
1222 3318 1308 3374 regno
1331 3304 1464 3360 coelorum
1488 3303 1605 3376 (llcttlr.
1628 3310 1726 3378 xvur).
1755 3325 1764 3359 r
1790 3304 1900 3361 Pulchre

259 3404 385 3462 extrahet
401 3403 477 3458 illum
494 3401 538 3457 die
549 3399 729 3457 SabbatilEt
744 3415 799 3456 non
814 3408 940 3471 poterant
955 3399 988 3454 ad
1004 3399 1058 3455 hoc
1107 3393 1208 3450 dicitur
1224 3413 1230 3448 :
1248 3415 1257 3448 r
1277 3393 1355 3452 Tuuc
1367 3398 1419 3452 erit
1439 3398 1487 3452 tihi
1506 3399 1604 3468 gloria,
1623 3417 1631 3450 r
1650 3415 1686 3454 uc
1700 3413 1775 3454 nunc
1793 3399 1827 3454 ad
1847 3399 1900 3468 ple-

259 3496 424 3566 respondere
438 3491 576 3550 illirldeo
585 3502 648 3547 ante
657 3490 810 3547 Pharisaeos
822 3490 1001 3562 hydropicum
1013 3505 1058 3546 sa·
1108 3499 1175 3538 num
1193 3485 1257 3541 velis
1280 3487 1401 3558 recipere
1416 3489 1488 3558 quod
1503 3489 1553 3545 tibi
1574 3500 1701 3546 serrator
1714 3491 1742 3545 iu
1758 3492 1819 3545 line.
1835 3489 1899 3545 llinc

258 3579 855 3652 nat,etmoncontraararitiamdisputan,
874 3589 904 3635 ut
923 3596 972 3651 per
996 3580 1057 3650 ejus
1109 3575 1240 3634 Salomon
1264 3580 1303 3635 ait
1327 3599 1334 3634 ε
1364 3599 1373 3632 r
1403 3579 1552 3638 haereditas
1574 3584 1706 3654 adquam
1724 3581 1898 3642 festinaturin

259 3678 448 3752 aegritudinem
464 3676 588 3748 corporis
601 3674 629 3729 in
644 3673 699 3730 illis
713 3673 912 3744 exprimeretur
924 3673 1056 3745 aegritudo
1108 3669 1241 3742 principie
1256 3673 1282 3726 iu
1302 3671 1454 3728 novissimo
1477 3673 1668 3730 bencdictione
1683 3675 1790 3731 carebit
1813 3675 1896 3746 (Pras.

258 3771 371 3836 ruentis,
399 3777 426 3824 et
448 3767 602 3839 corporalis
616 3766 742 3838 exemplo
756 3765 906 3821 curationis
919 3764 1057 3820 discerent
1109 3765 1174 3836 us).
1195 3785 1204 3817 r
1222 3763 1251 3820 ln
1280 3765 1332 3822 hac
1351 3767 1435 3822 etiam
1459 3767 1514 3822 vita
1542 3767 1655 3823 humilis
1683 3768 1846 3822 sublimatur
1871 3767 1898 3822 ivr

260 3862 442 3936 spiritualiter
457 3862 558 3918 curari.
575 3861 765 3933 Congrueuter
780 3860 862 3916 etiam
876 3859 1055 3932 hydropicum
1107 3855 1229 3912 Ecclesia
1261 3855 1294 3912 ad
1320 3857 1424 3928 majora
1448 3857 1519 3914 dona
1548 3861 1637 3914 sancti
1668 3858 1789 3930 Spiritus
1817 3859 1898 3930 impe-

259 3953 372 4012 animali
385 3953 459 4026 quod
473 3952 572 4009 cecidit
588 3953 615 4008 in
631 3961 744 4024 puteum
761 3960 915 4024 comparat.
932 3950 1056 4007 liumore
1107 3951 1215 4005 tvauda.

259 4047 333 4104 enim
354 4048 469 4104 laborat.
482 4046 536 4102 Bos
550 4054 578 4103 et
592 4047 688 4102 asinus
699 4046 836 4117 sapientes
851 4053 878 4100 et
893 4044 1004 4100 hebetes
1019 4043 1057 4101 si·
1146 4064 1155 4099 r
1177 4045 1246 4114 Quia
1262 4046 1351 4103 omnis
1363 4047 1410 4118 qui
1435 4062 1464 4104 se
1478 4047 1580 4104 exaltat
1603 4047 1805 4114 humiliabitur,
1817 4045 1897 4116 etqui

260 4140 402 4211 guilieant,
414 4139 457 4194 rel
481 4139 532 4194 bos
557 4139 688 4210 pupulum
702 4137 840 4208 signilicat
851 4137 918 4208 jugo
933 4137 1000 4208 legis
1015 4147 1057 4193 at·
1108 4153 1138 4195 se
1152 4140 1279 4194 humiliat
1298 4139 1473 4196 exaltabitur.
1492 4159 1501 4193 r
1518 4140 1571 4207 Qui
1590 4155 1620 4196 se
1638 4140 1751 4195 incaute
1774 4138 1896 4195 demeri-

262 4233 374 4300 rritum;
392 4233 487 4288 asinus
501 4231 627 4303 gentilem
648 4229 778 4301 populum
795 4230 870 4286 nulla
883 4231 990 4286 ratione
1007 4232 1057 4288 do·
1107 4231 1142 4288 tis
1154 4231 1262 4298 allevat,
1278 4233 1468 4288 humiliabitur
1481 4248 1497 4288 a
1512 4231 1639 4300 Domino,
1657 4241 1685 4288 et
1701 4233 1725 4288 si
1741 4249 1794 4289 non
1809 4246 1896 4288 coram

260 4326 370 4395 mitum,
388 4326 466 4397 quasi
492 4324 595 4378 animal
617 4322 747 4378 stolidum
766 4331 793 4378 et
813 4324 935 4379 brutum.
959 4322 1016 4380 Nos
1040 4341 1055 4379 a
1108 4324 1284 4392 hominihus;
1297 4326 1382 4397 etqui
1397 4325 1547 4397 providese
1558 4325 1592 4382 de
1604 4324 1757 4383 benefactis
1768 4324 1895 4390 humiliat,

259 4425 344 4489 puteo
366 4414 596 4486 concupiscentiae
625 4412 752 4470 Salvator
782 4414 902 4470 extrahit
926 4435 932 4468 ι
958 4431 1056 4472 omues
1107 4413 1318 4470 exaltabiturab
1334 4429 1378 4472 eo.

259 4509 333 4564 enirn
341 4515 534 4579 peccauerunt.
1294 4509 1332 4564 lle
1346 4511 1500 4565 concilicet
1515 4511 1572 4581 ejas
1588 4510 1716 4566 remedio.

299 4621 308 4654 v
328 4600 440 4658 Dicebat
454 4607 545 4655 autem
570 4611 597 4656 et
620 4601 654 4657 ad
671 4599 799 4657 inritatos
824 4601 993 4672 parabolam,
1018 4600 1057 4656 in·
1143 4601 1263 4658 Avaritia
1283 4602 1376 4658 multis
1399 4612 1426 4658 et
1449 4603 1632 4658 ineffabilibus
1648 4602 1739 4659 modis
1753 4603 1897 4658 humanum

260 4694 376 4751 tendens
388 4693 527 4765 quomodo
541 4692 645 4764 primos
656 4694 798 4750 accubitus
808 4695 948 4766 eligerent,
961 4695 1056 4751 diceus
1108 4709 1193 4766 genus
1215 4702 1335 4750 atterens
1359 4704 1387 4750 et
1410 4695 1554 4764 iulestans,
1579 4705 1606 4752 et
1630 4696 1690 4767 ipsa
1714 4697 1749 4751 de
1776 4694 1898 4764 superbia

262 4789 295 4843 ad
310 4787 372 4844 illos
388 4807 394 4842 ι
409 4785 478 4842 Cum
495 4787 627 4843 inritatus
643 4785 730 4842 lucris
744 4787 779 4843 ad
802 4786 922 4859 nuptias,
937 4803 991 4843 uon
1014 4788 1057 4844 di·
1108 4789 1225 4857 quodam
1242 4790 1324 4846 modo
1346 4791 1479 4863 originem
1500 4790 1624 4857 trahens,
1638 4800 1760 4846 mentem
1784 4787 1899 4844 honunis

262 4881 392 4936 scunrbas
412 4881 440 4935 in
462 4880 554 4950 primo
572 4880 643 4948 loeo,
657 4895 691 4936 ne
706 4878 777 4936 lortc
800 4880 961 4937 honoratior
976 4881 1057 4938 tesit
1108 4882 1203 4948 allicit,
1220 4892 1249 4937 ut
1262 4884 1398 4940 exteriora
1420 4893 1448 4939 et
1473 4884 1591 4939 risibilia
1617 4865 1690 4938 bor'ra
1714 4883 1773 4938 sola
1796 4883 1898 4951 diligat,

262 4974 394 5029 inritatus
413 4973 501 5040 aben,
514 4981 542 5027 ct
555 4973 668 5030 venicus
682 4973 707 5028 is
723 4973 770 5044 qui
790 4983 862 5029 teet
883 4975 959 5030 illum
975 4990 1058 5030 roca·
1109 4973 1295 5043 concupiscat,
1323 4981 1350 5029 ct
1371 4989 1403 5030 ca
1426 4989 1533 5030 summa
1548 4975 1652 5040 credat,
1676 4989 1709 5028 ac
1730 4972 1812 5028 variis
1827 4969 1902 5024 curis

261 5065 342 5122 vitet
355 5065 429 5121 dicat
443 5065 491 5123 tihi
507 5082 514 5117 :
532 5063 571 5120 lla
595 5067 659 5123 huic
674 5068 775 5122 locum.
799 5065 833 5122 Et
856 5076 922 5124 turre
941 5069 1057 5140 incipias
1072 5085 1094 5141 1)
1109 5067 1143 5121 ad
1167 5082 1200 5122 ea
1224 5067 1409 5138 acquirenda,
1434 5067 1640 5138 multiplicanda
1670 5066 1902 5133 custodiendaque

261 5175 326 5218 curn
340 5159 440 5216 rubore
454 5159 636 5216 novissimum
655 5159 748 5213 locum
763 5165 864 5214 tenere.
885 5159 1058 5217 »intendens
1110 5161 1233 5215 animum
1256 5169 1284 5216 et
1300 5161 1409 5216 labores
1428 5159 1576 5230 impendat.
1601 5157 1759 5216 Nonuuhos
1777 5159 1850 5214 euim
1867 5157 1904 5210 ita

261 5253 400 5325 quomodo
415 5251 559 5322 deprimis
576 5249 750 5308 accubitibus
765 5249 891 5306 laborent
913 5251 955 5307 rel
968 5253 1058 5308 inten·
1108 5251 1244 5306 desiderio
1259 5265 1353 5306 eorum
1372 5250 1437 5307 lacit
1448 5252 1638 5318 exardescere,
1656 5261 1684 5307 ut
1702 5267 1734 5306 ea
1755 5249 1839 5304 etiam
1857 5262 1903 5319 per

260 5347 329 5402 dens
347 5345 376 5400 in
387 5345 510 5400 doctrina
523 5360 573 5401 sua
584 5341 728 5416 quomodo
743 5341 860 5396 debcant
875 5344 1017 5401 accubitus
1029 5345 1057 5399 in
1109 5343 1199 5398 scelus
1224 5343 1366 5413 acquirere
1379 5342 1421 5397 rel
1437 5343 1587 5408 vindicare,
1606 5357 1661 5397 nou
1676 5341 1804 5396 timentes
1822 5341 1903 5402 bella,

260 5436 384 5494 Ecclesia
397 5437 497 5508 eligere
509 5438 588 5493 docet
603 5433 789 5490 humilitatem
809 5450 863 5488 nun
878 5434 967 5491 solum
983 5437 1057 5508 apud
1109 5435 1268 5503 homicidia,
1290 5435 1410 5506 rapinas,
1436 5434 1589 5502 violentias,
1603 5435 1721 5504 praedas,
1746 5433 1903 5504 sacrilegia,

260 5527 346 5586 ileum
360 5529 408 5586 sed
423 5530 505 5586 etiam
520 5529 592 5600 apud
621 5524 762 5580 homiues.
790 5525 822 5578 Et
839 5529 970 5596 quoniam
998 5529 1057 5586 haec
1109 5526 1192 5592 sunta,
1207 5527 1274 5582 laisa
1288 5527 1451 5593 testimonia,
1464 5527 1593 5597 perjuria,
1607 5526 1732 5593 fraudes,
1748 5527 1904 5590 meudacis,
1981 5580 1985 5589 ,

259 5621 411 5680 admonitio
424 5623 459 5676 ab
472 5619 642 5692 evangelista
659 5622 774 5668 vocatur
788 5616 927 5684 parabola,
952 5618 1059 5676 intuen-
1112 5619 1184 5685 lites,
1210 5621 1293 5683 rixas,
1317 5620 1507 5690 oppressiones
1528 5634 1643 5676 suerrum
1658 5619 1701 5674 vel
1716 5620 1906 5691 quoromhbrt

258 5717 323 5768 vtum
351 5721 393 5769 cst
416 5711 481 5784 quid
506 5711 648 5783 designet.
670 5701 777 5774 Nuptiae
805 5715 870 5761 sunt
899 5712 1058 5780 conjunctio
1112 5707 1515 5780 inleriurum,inhumanitates,
1523 5711 1676 5780 primorum
1688 5712 1907 5782 deceptionesrt

258 5803 360 5860 Christi
372 5813 397 5859 et
409 5801 539 5859 Ecclesia.
555 5796 648 5859 Unde
662 5793 805 5858 llattbaeor
815 5797 867 5853 ait:
882 5799 1057 5886 r'Simileir-¹
1112 5800 1164 5858 alia
1174 5802 1371 5874 lmjusmodiad
1382 5802 1516 5858 laesionem
1527 5802 1644 5870 preximi
1654 5817 1702 5858 scu
1712 5813 1907 5876 contemptum
