4017 6342
254 232 306 290 w
812 222 974 281 WEthElll
993 220 1141 279 nubatis
1162 222 1191 280 S.
1211 218 1322 279 blasti
1424 230 1429 237 '
1524 254 1527 260 ·
1816 232 1858 291 erp

254 354 320 408 dnm
335 365 398 406 eum
421 348 508 404 larnes
527 344 632 409 afflixit,
659 340 706 399 sed
729 356 794 398 eum
821 339 930 397 Pharao
943 338 1048 397 crudeli
1062 344 1084 401 rt
1100 336 1190 395 Finito
1205 346 1297 395 autem
1311 336 1407 393 muudi
1425 336 1551 403 termino,
1575 352 1638 393 cum
1653 352 1747 398 ureret
1759 353 1783 400 et
1793 346 1860 417 dlior,

256 443 380 502 servituti
398 440 511 497 addixit.
527 438 656 503 Quicum
679 435 712 489 ad
731 433 876 489 borrrinrrm
896 433 1048 489 clamarent
1099 430 1126 485 id
1140 438 1183 487 est
1190 444 1305 501 corpora
1320 437 1346 486 et
1356 444 1438 501 opera
1450 429 1593 501 recipiunt,
1606 438 1765 491 tunctorum
1772 438 1861 501 aleluia

254 534 367 607 hloysen
380 533 421 588 eis
435 530 519 594 misit,
543 526 589 598 qui
605 525 699 580 multis
712 524 799 596 plagis
816 532 844 579 et
862 524 949 594 signis
964 523 1048 596 AEgy-
1096 521 1269 592 jubilabunt,
1299 521 1364 593 quia
1392 534 1454 577 curn
1484 536 1600 592 corpore
1631 533 1659 579 et
1689 525 1774 584 anima
1796 532 1863 591 sinrnl

255 637 332 698 ptum
351 622 495 696 percussit,
511 619 641 689 populum
654 616 701 671 bei
723 632 772 686 per·
791 614 1001 672 marellubrum
1020 615 1048 669 in
1099 612 1255 681 perenniter
1269 611 1295 666 in
1309 611 1395 683 gloria
1407 612 1592 668 exsultabunt.

256 728 355 773 terram
370 714 497 768 lluentenr
509 710 552 765 lac
565 718 593 764 et
610 708 664 763 nael
680 708 816 778 pertarit.
831 706 885 762 Per
897 705 1048 778 AEgyptum
1440 718 1550 760 arrrsro.

254 809 301 864 hic
314 805 434 862 mundus
448 802 628 874 signilimtur,
643 799 670 854 in
688 814 744 870 qun
761 814 848 870 genus
867 799 1048 853 hrrmarruma
1082 842 1085 853 .
1135 792 1204 861 Quia
1228 794 1317 863 hodie,
1343 795 1512 863 charissimi,
1538 799 1675 854 canticum
1692 798 1783 859 letitie
1798 806 1863 879 depo

254 898 373 971 paradisi
385 896 473 967 patria
484 893 682 965 peregrinatur,
702 901 730 946 et
744 907 759 945 a
784 890 894 946 diaholo
907 890 983 961 gravi
998 906 1049 959 op-
1100 885 1217 952 suimus,
1231 894 1257 940 et
1271 886 1409 943 canticum
1426 888 1543 944 tristitiae
1553 890 1732 961 sumpsimus,
1741 897 1865 959 volorobis

253 991 396 1062 pressione
414 988 586 1058 subjugatur.
602 985 654 1039 Cui
673 984 707 1039 nrl
723 982 808 1038 Deum
832 998 881 1053 per·
892 982 982 1052 justos
997 998 1048 1037 vo·
1100 974 1133 1031 dc
1145 976 1223 1031 libris
1238 978 1379 1048 gentilium
1395 978 1515 1036 breviter
1540 980 1657 1037 recitare
1678 984 1786 1054 qualiter
1797 992 1865 1048 melo·

254 1080 391 1146 ciieranti,
411 1078 539 1134 Christus
572 1074 607 1131 tul
640 1075 811 1131 liberandum
845 1074 972 1142 mittitur,
1001 1089 1049 1144 per
1099 1069 1172 1125 diam
1199 1071 1409 1127 delectationum
1423 1073 1518 1129 mundi
1543 1074 1666 1132 debeatis
1693 1077 1825 1149 declinare,
1843 1096 1867 1141 ur

254 1189 337 1245 quern
353 1171 473 1227 muudus
487 1168 581 1225 multis
595 1167 734 1223 miraculis
748 1167 916 1234 concutitur,
929 1168 1048 1238 populus
1099 1160 1212 1230 possitis
1234 1163 1311 1232 prius
1331 1179 1394 1219 eum
1418 1164 1523 1236 angelis
1542 1166 1650 1222 dulcem
1678 1167 1833 1229 harmoniam
1845 1178 1866 1233 in

255 1280 305 1335 per
314 1280 391 1318 marn
400 1262 536 1329 llubrum,
546 1260 572 1316 iri
583 1266 626 1315 est
640 1274 688 1329 per
701 1258 920 1327 lraptismrrm,ad
932 1259 1048 1328 patr-iam
1101 1253 1179 1309 erclis
1206 1267 1346 1309 resonare.
1373 1254 1516 1311 Cemmam
1544 1272 1666 1328 namque
1689 1258 1717 1313 in
1744 1276 1813 1318 ceno
1834 1266 1868 1321 irr.

255 1356 377 1427 paradisi
401 1355 550 1419 reducitur,
578 1351 626 1406 ubi
649 1352 701 1405 mel
716 1359 743 1406 et
767 1348 809 1405 lac
822 1351 953 1415 exundat,
969 1349 996 1405 irl
1008 1358 1050 1405 est
1099 1356 1208 1401 ventam
1220 1348 1300 1403 debet
1318 1347 1432 1419 quilibet
1446 1349 1480 1405 de
1494 1350 1552 1405 luto
1578 1352 1683 1419 tollere,
1701 1362 1727 1408 et
1742 1353 1766 1407 in
1783 1358 1868 1428 regium
1968 1332 1969 1403 l

257 1448 395 1503 attinentia
408 1444 532 1499 omnium
551 1445 687 1497 bonorum
698 1442 840 1497 exuberat.
1100 1445 1291 1493 ornamentum
1306 1454 1417 1509 ponere.
1436 1439 1474 1495 lta
1485 1440 1619 1508 etdecct,
1637 1442 1662 1499 si
1689 1443 1792 1500 anobis
1806 1450 1869 1517 qnid·

193 1564 200 1575 κ
292 1540 356 1596 llaec
369 1538 552 1609 peregrinatio
566 1535 745 1590 nitrttnnrinns
760 1549 808 1603 per
823 1533 950 1589 eumdem
963 1548 1050 1603 popu·
1100 1542 1183 1599 quam
1195 1529 1262 1584 utile
1277 1530 1304 1586 in
1321 1530 1398 1587 libris
1411 1532 1552 1602 gentilium
1575 1534 1740 1604 reperiatur,
1754 1538 1784 1592 ad
1800 1540 1870 1595 edilr-
1968 1548 1969 1591 l

255 1629 561 1702 lnmpnuligurabatur,
578 1628 643 1681 dum
658 1627 685 1681 in
705 1626 868 1698 Babylonica
891 1627 1049 1695 captivitato
1101 1620 1236 1675 cntionem
1249 1619 1379 1677 Ecclesia
1402 1621 1503 1679 Christi
1519 1638 1628 1694 spotrsae
1646 1634 1776 1683 vertatur.
1791 1626 1869 1685 Saeculi

254 1740 304 1795 per
316 1738 368 1789 cxx
386 1735 474 1775 arrnos
487 1718 657 1773 rrrorahatur.
679 1716 933 1772 Nabuchodonosor
946 1718 1048 1773 etenim
1064 1700 1086 1755 Β
1101 1710 1238 1779 sapientes
1251 1712 1375 1766 scribunt
1385 1719 1440 1767 tres
1451 1710 1561 1769 Sirenes
1572 1714 1600 1769 in
1612 1714 1706 1771 insula
1718 1720 1794 1774 rearis
1804 1720 1872 1777 luisse
1968 1714 1969 1739 ³

254 1831 303 1871 rer
318 1813 484 1885 Babyloniae,
504 1810 674 1866 llierrrsalem
688 1809 828 1875 obsidens,
842 1808 988 1875 destruxit,
999 1826 1050 1880 pn-
1100 1809 1127 1856 et
1141 1801 1332 1857 suavissimam
1346 1804 1511 1859 cantilenam
1527 1804 1623 1861 divrsis
1642 1808 1734 1864 modis
1751 1811 1871 1867 cecinisse.

254 1905 350 1976 pulum
376 1905 404 1959 irr
429 1902 607 1973 babyloniam
628 1900 766 1971 captivum
782 1899 871 1966 eluxit,
883 1900 930 1969 qni
943 1900 980 1955 ibi
995 1916 1049 1955 axx
1101 1890 1161 1947 Una
1177 1894 1278 1964 quippe
1300 1909 1378 1959 voce,
1405 1895 1487 1950 altera
1509 1896 1586 1963 tibia,
1603 1896 1685 1953 ter-tia
1703 1899 1759 1970 lyra
1769 1902 1872 1957 canebat.

256 1996 336 2052 annis
359 1996 387 2050 in
410 1994 522 2050 tristitia
535 1992 687 2058 habitabat,
711 1993 851 2047 canticum
877 1992 976 2047 lactitiae
992 2006 1049 2046 rron
1101 1984 1148 2041 liar
1163 1986 1300 2043 habebant
1314 1985 1399 2043 iacies
1412 1988 1569 2055 mulierum,
1584 1990 1644 2047 alas
1666 2002 1695 2046 et
1718 2008 1872 2065 unguesve

255 2087 412 2152 resonabat,
424 2101 525 2157 organa
540 2086 573 2139 ad
585 2084 684 2139 salices
695 2083 847 2153 suspendit,
858 2081 935 2153 juxta
950 2084 1050 2139 seriens
1101 2075 1335 2134 lrrcvum.0mncs
1362 2094 1446 2134 naves
1469 2089 1667 2149 praetereuntes
1683 2084 1874 2139 suavitatcrao·
1969 2117 1970 2140 r

255 2181 338 2236 berit.
355 2178 452 2233 Finitis
467 2193 519 2231 rra
534 2176 625 2243 aruris,
638 2176 671 2229 arl
686 2174 855 2231 llierusalerrr
871 2186 984 2241 rerrreat,
997 2176 1050 2231 Pa·
1101 2180 1146 2228 tus
1158 2171 1302 2237 sistebant,
1318 2179 1417 2227 nautas
1437 2186 1535 2228 somno
1559 2188 1712 2245 oppressos
1733 2176 1873 2243 lacerabant,
1969 2146 1970 2237 l

256 2277 323 2328 seha
347 2286 410 2327 cnm
433 2270 533 2341 gaudio
560 2269 689 2332 celebrat,
715 2277 811 2340 postca
826 2282 889 2323 curn
905 2284 1006 2323 uxores
1023 2277 1050 2323 et
1101 2278 1184 2319 naves
1197 2264 1256 2319 salo
1278 2264 1484 2335 immergebant.
1510 2264 1636 2336 Cumque
1649 2268 1763 2338 quidam
1782 2266 1874 2341 illyres

255 2366 305 2421 tilii
321 2363 573 2433 venerunt,dupler
590 2362 721 2432 gaudium
734 2362 898 2415 habueruut.
914 2360 1050 2416 llaecom-
1099 2370 1212 2411 necesse
1237 2356 1348 2410 haberet
1375 2355 1412 2411 lbi
1437 2360 1678 2429 praeternavigare,
1700 2359 1782 2429 jussit
1801 2376 1826 2415 sc
1849 2362 1874 2415 al

255 2458 313 2523 nia,
342 2453 507 2521 charissimi,
536 2452 569 2509 ad
586 2462 749 2523 praesentem
774 2451 847 2505 diem
873 2452 1047 2521 respiciunt:
1100 2449 1202 2503 malum
1220 2447 1403 2520 travisligare,
1428 2450 1511 2505 sociis
1532 2460 1624 2505 autem
1645 2466 1712 2506 cum
1735 2468 1877 2509 eeraarrres

256 2547 421 2604 lraeenrrrnia
444 2553 538 2601 nostra
556 2552 679 2614 tempora
693 2542 937 2613 praesignaverunt.
955 2540 1050 2598 llieru-
1099 2540 1246 2608 obdurare,
1266 2540 1344 2595 etsie
1369 2539 1521 2609 periculum
1546 2540 1650 2597 illaesus
1675 2545 1772 2611 evasit,
1793 2554 1817 2599 et
1840 2561 1876 2600 eas

254 2642 341 2699 salem
355 2647 396 2695 est
409 2637 563 2709 paradisus,
578 2633 832 2689 Nabuchodonosor
856 2641 898 2688 est
911 2632 1047 2699 diabolus,
1099 2632 1227 2688 ductibus
1241 2632 1399 2687 submersit.
1416 2630 1480 2687 llaec
1490 2640 1565 2697 sunt,
1582 2634 1754 2701 charissimi,
1770 2637 1876 2708 rrrpstirs,

256 2722 1048 2804 Babylorriaesthiemundus.Nahrrchodonosorpnpulnrn
1099 2723 1224 2794 qrranrvis
1252 2737 1299 2792 per
1331 2723 1458 2779 inimicos
1481 2724 1584 2780 Christi
1608 2727 1725 2799 ser-ipra.
1747 2728 1795 2783 l¹er
1816 2746 1877 2783 reare

255 2824 284 2878 irr
306 2819 483 2893 Babyloniam
504 2816 643 2886 captivum
663 2814 753 2881 duxit,
774 2825 802 2869 et
817 2814 943 2871 diabolus
961 2830 1048 2885 genus
1099 2815 1171 2871 istud
1186 2816 1315 2871 saeeulum
1342 2816 1512 2887 intelligitur,
1526 2818 1600 2888 quod
1618 2821 1761 2877 continuis
1782 2820 1880 2875 tributa·

254 2916 407 2971 humanum
424 2910 451 2964 in
464 2910 537 2963 hunc
558 2906 691 2960 mnndum
709 2906 827 2972 sedarit,
841 2906 888 2961 ubi
903 2922 1005 2977 organa
1020 2906 1047 2963 irr
1099 2908 1337 2979 tionnmproccllis
1349 2908 1475 2963 volvitur.
1486 2907 1577 2965 lrrsula
1593 2914 1743 2968 esttrrurrrli
1756 2914 1877 2983 gandium,

253 3009 354 3067 salices
374 3002 527 3074 suspendit,
550 3008 578 3056 et
598 3000 697 3056 scdcrrs
717 2998 926 3070 laerymlstlrrit.
944 2998 1081 3095 SalicesC
1098 3002 1171 3074 quod
1202 3000 1306 3057 crebris
1333 3000 1475 3057 doloribus
1507 3001 1691 3074 intercipitur,
1726 3006 1793 3061 sieut
1815 3006 1882 3061 littus

255 3098 428 3155 laailoterrae
449 3093 614 3158 coalescent,
641 3089 720 3144 laeile
749 3089 842 3145 incise
866 3090 1045 3148 revirescunt.
1101 3092 1205 3149 crebris
1228 3092 1309 3147 unrlis
1325 3092 1474 3164 impetitur.
1502 3092 1570 3149 Tres
1593 3094 1720 3165 Sirenes,
1735 3114 1791 3169 quae
1813 3098 1880 3153 stravi
1970 3165 1971 3173 ἵ

256 3190 362 3247 salices
386 3195 451 3243 sunt
469 3183 565 3240 mundi
586 3190 723 3238 amatores
747 3180 795 3252 qui
819 3182 926 3237 radices
942 3182 1048 3239 snasia
1099 3189 1180 3235 carrtu
1198 3179 1357 3250 navigantes
1372 3178 1553 3235 demulcendo
1581 3181 1609 3235 in
1628 3198 1761 3240 sanmuro
1777 3194 1882 3249 vertunt,
1970 3174 1971 3231 l

255 3292 363 3339 terrena
399 3280 552 3341 miserunt,
580 3274 682 3345 quibus
717 3274 875 3329 transitoria
906 3291 957 3346 pro
983 3286 1048 3334 voto
1099 3281 1164 3328 sunt
1191 3282 1247 3327 tres
1282 3272 1477 3328 delectationes
1505 3288 1567 3343 quae
1590 3276 1676 3331 corda
1700 3278 1838 3333 hominum
1854 3277 1882 3332 arl
1970 3260 1971 3277 ¹

254 3370 425 3431 albenneio
448 3369 498 3423 has
514 3366 582 3436 justi
606 3380 709 3437 organa
729 3364 910 3434 suspendunt,
927 3366 1047 3437 qrrialris
1099 3366 1165 3420 vitia
1180 3364 1317 3429 molliunt,
1334 3372 1361 3419 et
1376 3364 1403 3419 ln
1420 3380 1547 3420 somnum
1569 3369 1667 3424 mortis
1689 3370 1804 3426 ducunt.
1826 3370 1885 3437 Qua
1970 3328 1971 3393 C

254 3465 354 3539 gandia
380 3462 474 3518 mnndi
501 3459 669 3528 relinquunt.
693 3454 798 3510 bellent
824 3456 959 3524 sedentes,
981 3458 1046 3528 qula
1099 3455 1218 3509 humana
1234 3464 1418 3522 resecarunt,
1437 3458 1618 3525 estavaritia,
1635 3474 1697 3529 quae
1718 3460 1777 3517 suis
1794 3462 1885 3516 audite
1970 3472 1971 3475 ’

253 3556 374 3613 humiles
394 3568 489 3609 eorum
514 3551 654 3605 interitum
678 3556 742 3603 sant
761 3562 822 3601 cunr
842 3562 940 3619 magno
952 3549 1047 3605 dolore
1098 3547 1174 3603 ribus
1186 3546 1376 3618 hujuscemodi
1390 3548 1549 3604 modulatur
1561 3552 1703 3606 carmina:
1719 3552 1884 3624 llnltaopor·

254 3653 403 3721 gementes.
417 3642 469 3697 l’er
482 3656 586 3711 organa
598 3639 680 3693 etiarn
699 3636 819 3693 coelcstis
839 3637 963 3692 doctrina
974 3637 1048 3693 acci·
1098 3650 1136 3696 tet
1162 3650 1188 3696 te
1220 3656 1403 3713 congregare,
1422 3649 1451 3697 rrt
1478 3643 1619 3713 possimus
1642 3643 1748 3702 larnanr
1778 3647 1886 3703 nominis

253 3744 328 3814 pitur
344 3752 405 3811 quae
416 3738 444 3792 in
457 3733 556 3790 salices
579 3731 766 3802 suspenditur,
788 3733 854 3785 rlurrr
867 3732 1046 3787 saecularibus
1100 3734 1140 3790 tui
1164 3734 1266 3805 ubique
1280 3733 1404 3802 dilatare,
1427 3734 1603 3805 sepulchrum
1618 3752 1733 3810 quoqne
1748 3738 1852 3796 Domini
1864 3750 1888 3795 et

253 3832 379 3889 doctrina
395 3826 526 3899 spiritalis
541 3824 722 3889 subtrahitur,
747 3823 810 3893 qnia
822 3822 857 3878 ab
873 3824 914 3878 eis
927 3832 1046 3878 contern-
1097 3826 1150 3880 alia
1175 3826 1234 3881 loca
1261 3825 1388 3895 lustrare,
1412 3826 1543 3882 eeclesias
1564 3839 1737 3899 restaurare,
1764 3846 1888 3903 pauperes

254 3925 337 3981 tritor.
354 3920 404 3977 Per
420 3935 473 3975 cxx
484 3933 572 3973 annos
595 3917 697 3988 quibus
711 3916 829 3987 populus
855 3915 883 3970 in
896 3914 1045 3988 Babylonia
1097 3918 1323 3991 consanguineos,
1339 3928 1402 3975 tuos
1429 3919 1569 3992 adjuvare.
1591 3921 1651 3977 Tali
1664 3924 1800 3994 pestifero
1814 3935 1888 3981 cantu

253 4013 431 4083 affligebatur,
446 4016 551 4079 septem
575 4007 660 4063 millia
682 4019 819 4061 arrrrorurn
844 4004 1044 4077 intelliguntur,
1097 4022 1145 4062 cor
1170 4004 1245 4061 avari
1267 4005 1404 4062 demulcet
1430 4007 1596 4077 usquedum
1623 4026 1686 4064 eum
1703 4014 1890 4081 soporoppri·

252 4108 451 4177 rruibusgenus
464 4103 615 4157 humanum
641 4099 669 4153 irr
691 4099 743 4154 lrao
763 4098 819 4153 vita
842 4100 1042 4171 peregrinatur.
1097 4105 1161 4167 met,
1177 4105 1204 4153 et
1232 4106 1297 4154 tnnc
1324 4112 1436 4153 carnem
1456 4097 1516 4168 ejrrs
1538 4098 1662 4165 lacerat:
1681 4102 1778 4157 navim
1799 4102 1891 4160 fluctus

252 4197 331 4255 Sicut
352 4197 425 4252 eninr
446 4204 550 4265 septem
581 4191 677 4262 primis
706 4190 803 4246 diebus
832 4198 888 4245 tota
918 4200 1044 4246 creatura
1095 4190 1218 4269 devorat,
1235 4190 1299 4259 qnia
1314 4188 1360 4245 hic
1372 4190 1456 4245 rniscr
1469 4191 1604 4248 violenter
1622 4192 1803 4251 doloribusa
1827 4195 1893 4249 vitiis

250 4290 418 4363 disponitur,
431 4287 468 4341 ita
480 4302 528 4356 per
540 4292 643 4355 septem
655 4283 739 4338 millia
758 4296 894 4337 annorum
908 4282 1044 4338 lricmurr-
1096 4282 1154 4339 suis
1172 4281 1308 4346 avellitur,
1324 4291 1351 4337 et
1370 4290 1478 4339 aetcrrroe
1493 4283 1610 4341 tlamnrae
1624 4286 1817 4360 immergitur.
1832 4288 1892 4355 Qnrc

250 4384 304 4439 rius
317 4380 426 4437 extendi
440 4378 571 4434 creditur.
586 4375 670 4447 igitur
684 4374 706 4429 si
721 4382 824 4443 septem
848 4373 934 4427 millia
952 4388 1041 4428 anno·
1058 4376 1168 4435 beanit
1182 4374 1258 4441 tibia,
1272 4385 1313 4430 est
1327 4374 1468 4444 jactantia.
1485 4390 1546 4447 quae
1561 4377 1620 4433 suis
1634 4378 1693 4435 haec
1709 4380 1896 4450 proterrere·

249 4492 313 4533 rum
328 4475 355 4530 in
371 4472 527 4544 septuagies
548 4477 678 4525 centenos
692 4480 779 4522 annos
798 4466 934 4529 diviseris,
947 4474 975 4520 et
992 4481 1043 4520 aa·
1097 4466 1149 4522 tica
1168 4483 1174 4518 :
1190 4464 1303 4521 invenis
1326 4480 1356 4521 es
1382 4476 1409 4521 et
1428 4466 1538 4528 nobilis,
1553 4468 1637 4524 debes
1666 4478 1694 4525 te
1730 4472 1894 4541 praeclarum

250 4582 319 4626 nom
334 4568 490 4624 decentum
510 4564 590 4617 ann's
608 4559 688 4630 quasi
707 4559 842 4614 decimam
858 4556 978 4623 dederis,
989 4570 1043 4610 cxx
1095 4556 1226 4613 exhibere
1251 4556 1398 4613 universis.
1419 4554 1493 4613 Nulli
1511 4558 1689 4617 inimicorum
1711 4572 1837 4619 tuorum
1855 4564 1898 4618 de-

250 4674 339 4716 annos
351 4658 476 4715 habclris.
489 4654 576 4710 Porro
588 4654 611 4708 si
626 4653 661 4709 de
681 4650 852 4722 septuaginta
876 4651 956 4705 aunis
969 4649 1043 4704 diem
1094 4651 1143 4705 bes
1158 4664 1281 4720 parcere,
1303 4650 1350 4704 serl
1370 4664 1467 4706 crnnes
1489 4651 1590 4722 quibus
1606 4656 1761 4723 praevalere
1777 4658 1897 4726 potueris

250 4770 301 4823 pro
313 4750 386 4808 anno
398 4748 559 4815 decimabis,
583 4762 638 4802 xxx
658 4745 717 4801 dies
729 4742 913 4814 computabis.
934 4740 968 4795 lii
978 4749 1044 4797 sunt
1094 4742 1230 4807 coemere,
1257 4748 1323 4795 tunc
1353 4739 1449 4795 dicunt
1476 4749 1503 4796 te
1536 4742 1638 4799 honum
1666 4759 1731 4803 esse
1773 4748 1899 4802 rrrilitcrrr.

249 4846 296 4901 isti
314 4846 372 4900 dies
386 4844 487 4915 quibus
498 4840 618 4898 Feclesia
636 4839 689 4894 alia
702 4853 759 4893 norr
777 4844 898 4902 resonat,
910 4838 975 4905 qaia
988 4848 1042 4889 rsa
1093 4832 1146 4885 lt'rt
1167 4832 1240 4887 canit
1267 4832 1342 4887 haec:
1357 4830 1528 4889 llicrnsalem
1546 4834 1631 4891 denec
1649 4852 1783 4909 pergere,
1801 4839 1902 4893 multas

249 4952 338 4992 annos
350 4934 557 5005 capttrltatisarl
569 4932 729 4987 memoriam
742 4938 861 4995 revocat,
881 4927 928 4997 qui
939 4936 1041 4995 septem
1093 4926 1282 4997 eleemosynas
1296 4925 1426 4992 tribuere,
1443 4934 1508 4982 trrrrc
1523 4926 1572 4982 lles
1586 4926 1721 4999 saetosus,
1738 4940 1771 4987 et
1787 4932 1827 4987 ab
1845 4946 1903 4985 onr-

250 5032 335 5088 rnillia
350 5044 484 5084 annorum
503 5037 603 5081 nostrat
622 5022 850 5095 peregrinationis
865 5020 1040 5090 praesignant.
1094 5016 1175 5071 trihus
1188 5016 1288 5071 diceris
1304 5016 1402 5071 bonus.
1417 5015 1566 5074 Conversis
1580 5026 1672 5075 autem
1691 5022 1831 5076 concinit
1848 5022 1902 5075 sic:

248 5122 313 5179 hieu
323 5120 405 5177 etiarn
419 5134 492 5174 nunc
505 5119 575 5173 liber
590 5116 705 5172 Genesis
719 5116 827 5189 legitur,
840 5113 867 5167 irr
879 5126 934 5183 qno
947 5112 1042 5181 lapsus
1094 5108 1171 5179 Saepe
1183 5109 1266 5164 debes
1273 5109 1409 5179 jejunare,
1425 5126 1496 5179 scope
1509 5114 1598 5179 orare,
1612 5114 1667 5168 alta
1681 5126 1757 5169 voce
1773 5124 1906 5177 cantare,

249 5214 371 5269 hominis
386 5210 420 5266 de
438 5209 565 5280 paradiso
580 5208 607 5262 in
627 5207 701 5262 hunc
720 5206 852 5261 mnndum
865 5204 1039 5260 describitur.
1092 5211 1158 5258 tnnc
1172 5202 1267 5257 arrrlies
1289 5211 1315 5256 te
1335 5218 1431 5258 omnes
1445 5218 1567 5259 consono
1583 5218 1631 5261 ove
1647 5215 1676 5260 ut
1690 5218 1837 5263 sanctum
1853 5209 1906 5261 larr-

248 5303 323 5359 istud
335 5312 443 5372 tempos
457 5296 785 5369 diciturSeptuagcsirna,
798 5297 862 5367 quia
881 5296 917 5351 ab
931 5295 1041 5349 lrotlier·
1091 5295 1167 5349 dare.
1186 5293 1279 5350 Talem
1294 5295 1459 5350 cantilenam
1474 5311 1545 5351 vano
1569 5298 1644 5352 cordi
1661 5298 1798 5368 insonat,
1816 5316 1910 5370 usque

249 5412 284 5450 rra
302 5397 347 5451 die
363 5409 451 5463 usqne
467 5394 495 5447 irr
523 5391 672 5446 secundnm
684 5390 796 5446 Paschae
810 5388 960 5444 Sabbatum
976 5396 1041 5442 sunt
1091 5388 1156 5443 dom
1177 5386 1307 5442 miserum
1324 5387 1427 5442 abono
1439 5402 1553 5443 vacrrrrrn
1578 5404 1679 5461 rovago
1694 5392 1812 5447 mortis
1823 5393 1908 5447 dero-

248 5489 306 5543 dics
318 5503 382 5553 cxx,
403 5485 514 5556 qnando
535 5485 590 5539 duo
613 5492 760 5539 cantantur
775 5481 894 5537 alleluia.
918 5479 1040 5551 Populus
1091 5489 1144 5535 rat.
1157 5478 1224 5546 Qum
1237 5478 1323 5536 melos
1337 5480 1464 5551 exprimit
1476 5482 1544 5553 lvra,
1559 5492 1600 5537 est
1614 5483 1735 5549 lanterio,
1757 5500 1835 5553 outa
1851 5484 1913 5539 suis

247 5579 281 5629 ad
302 5576 469 5631 iherusalem
488 5591 615 5631 reversus
636 5590 699 5629 cnm
716 5574 817 5645 gaudio
829 5572 959 5637 exsultat,
972 5572 1039 5641 quia
1091 5572 1256 5643 sequacibus
1270 5574 1334 5628 talia
1353 5574 1475 5644 praecinit
1490 5574 1675 5630 modulamina
1692 5594 1697 5629 :
1711 5576 1911 5632 Adolescens

249 5665 368 5721 bdelium
383 5667 482 5721 anime
503 5681 577 5721 nurrc
598 5664 728 5736 gaudium
754 5662 864 5718 bomini
885 5662 1037 5719 intrabunt.
1091 5680 1131 5735 es,
1146 5664 1249 5736 poteris
1261 5680 1323 5722 eum
1333 5665 1500 5735 quibuslibet
1513 5666 1610 5723 oucllis
1625 5666 1731 5732 indere,
1753 5667 1915 5737 posteaitt
