4017 6342
226 344 282 404 159
740 330 899 391 coretum
920 323 1067 383 ABBATIS
1090 316 1355 379 i'lNDOClb'ENSlS
1821 308 1874 370 Μ

223 472 252 519 et
270 462 373 519 sanetis
392 460 449 531 ejus
459 458 632 530 jurejurando
646 457 785 510 tenendam
800 450 940 523 promisit,
964 464 1018 503 nou
1033 443 1201 505 trieribus.
1212 442 1245 496 lit
1257 442 1321 510 qnia
1337 448 1364 495 te
1376 436 1500 503 consilio,
1514 444 1543 492 et
1563 432 1665 490 auritio
1679 430 1786 501 pariter
1800 427 1870 483 iridi·

223 556 327 612 ubedit.
348 552 447 609 Sancta
471 552 571 606 etenim
593 546 694 618 Regula
709 558 760 600 nos
775 544 906 599 edocente
920 539 1017 596 didici·
1069 546 1135 604 gere
1153 548 1206 587 non
1227 534 1401 601 ignoramus,
1417 528 1680 600 dilcclbmttotiltttm
1702 521 1818 578 inirem
1842 528 1870 581 si

221 660 287 701 ruiis
300 644 371 715 qnod
381 658 428 698 sua
442 650 552 711 peecata
565 646 593 693 et
607 638 695 695 alicua
705 636 806 707 quibus
816 634 947 698 inlicitur,
968 632 1017 687 alt·
1069 625 1153 679 lilium
1167 622 1319 678 Gilliertum
1334 619 1381 674 tibi
1398 618 1621 683 transmittimus,
1637 615 1683 684 (pii
1700 627 1753 683 pro
1780 618 1807 663 te
1826 624 1871 710 en·

221 734 280 791 beti
294 748 406 790 suonon
420 730 573 794 occultare,
597 728 644 785 scil
666 729 789 783 revelare
808 725 1018 781 delimtmona-
1069 729 1131 769 tarn
1152 714 1235 769 tutius
1258 711 1355 767 doinus
1371 710 1401 764 ll.
1425 708 1571 764 Clementis
1592 703 1749 773 adimpleat,
1769 708 1797 753 et
1820 709 1870 763 tius

220 826 301 901 ¹elius.
317 824 357 877 'lu
372 836 438 877 vcro
452 831 595 892 peccatum
614 818 753 892 prepositi
775 819 813 873 tui
830 818 922 889 (bid),
945 815 1019 887 quod

178 946 181 973 ;
220 912 420 969 consentiendo
436 924 510 967 tuum
534 911 641 977 iecisti,
663 926 715 965 non
730 910 882 975 oecultum,
904 908 951 963 scil
969 924 1020 977 pu·

219 1000 338 1067 blicum,
363 1002 427 1071 quia
447 1015 509 1056 cum
528 1000 642 1070 publicis
667 998 829 1055 mulieribus
858 996 965 1067 publice
979 996 1019 1049 la-

220 1094 310 1156 ctuni,
335 1092 416 1148 nobis
437 1092 591 1147 occultasti.
617 1088 694 1147 Unde
718 1089 920 1145 euidentissime
944 1094 1020 1157 patet

219 1184 292 1254 quod
308 1192 335 1240 te
346 1186 486 1255 peccando
500 1192 528 1239 et
547 1198 597 1239 nos
612 1183 812 1238 contemnendo
824 1179 929 1236 laesisti.
945 1176 1020 1232 Prae·

223 1276 349 1331 sentibus
369 1277 453 1346 igitur
472 1276 572 1331 litteris
587 1275 636 1329 tilii
658 1273 830 1344 praecipimus
844 1282 874 1327 ιιι
895 1284 1019 1326 cameru-

226 1368 283 1421 lam
300 1367 372 1423 illarii
390 1369 417 1423 in
433 1384 486 1439 ipra
506 1368 660 1423 sordidator
674 1366 718 1420 illc
729 1376 757 1420 et
769 1362 894 1421 sordidus
907 1378 1019 1433 prauam

221 1462 346 1517 exercuit
362 1462 498 1517 actionem
519 1460 631 1514 omnino
652 1465 681 1513 et
703 1456 863 1513 festinanter
878 1456 1018 1521 destruas,

222 1562 251 1607 ct
272 1562 432 1608 extraneum
456 1568 471 1607 a
496 1551 631 1618 claustro,
657 1559 685 1607 et
709 1566 723 1605 a
746 1556 824 1605 curte
844 1548 875 1603 B.
892 1548 1020 1603 Clemen-

220 1646 258 1702 tit
280 1646 354 1716 (550)
380 1645 466 1701 iacias
485 1660 558 1701 cum.
585 1643 662 1711 Quod
682 1642 803 1713 quaudiu
829 1638 967 1696 distuleris
983 1640 1021 1695 la·

221 1747 295 1801 ecre,
306 1735 388 1805 217
403 1734 495 1789 tandin
507 1743 533 1789 te
544 1735 577 1789 ab
590 1734 701 1789 introitu
713 1741 816 1788 sancte
824 1730 948 1787 ecelesiae
959 1746 1020 1787 esse

221 1825 348 1883 uolumus
358 1828 487 1883 alienum.
503 1826 580 1883 Vale.

486 1918 654 1975 epistota
672 1916 751 1971 XLV.

1068 806 1213 876 praeceptis
1226 804 1253 858 in
1265 801 1339 857 nullo
1353 798 1532 855 contradicat.
1546 795 1585 851 'l'u
1599 793 1719 856 uerosic
1741 800 1787 844 tua
1813 803 1869 843 nio·

1071 898 1170 951 derare
1184 903 1320 964 praerepta
1334 900 1364 946 ut
1385 889 1457 959 uiroil
1486 890 1543 958 ipse
1561 885 1669 949 lecerit,
1693 896 1758 937 eum
1777 878 1871 934 timore

1070 988 1119 1043 liei
1135 987 1217 1043 iaciat
1227 995 1255 1041 ct
1270 999 1373 1039 autore.
1389 980 1464 1036 l'alc.

1332 1072 1502 1129 Et’tstottt
1519 1068 1611 1125 llLi'l.

1070 1172 1208 1243 Goffridus
1229 1167 1429 1223 Vindoeiirensit
1441 1163 1594 1219 ntonnueiii
1606 1177 1695 1243 seretis
1704 1156 1807 1211 dilectis
1815 1155 1868 1223 [rii-

1105 1264 1201 1326 tribus,
1217 1260 1242 1315 l.
1258 1258 1342 1329 priori
1352 1268 1376 1311 et
1389 1256 1491 1311 certeris
1504 1255 1637 1317 cmiiibss,
1665 1248 1867 1305 benedictionem

1105 1356 1244 1409 abrutino
1258 1352 1325 1416 Deo,
1340 1360 1364 1404 et
1378 1367 1394 1403 c
1407 1364 1435 1403 se
1448 1348 1626 1402 dilectionem.

1107 1444 1257 1500 blandastis
1268 1441 1356 1506 uubis,
1370 1442 1442 1510 pisel
1458 1440 1560 1493 alierum
1581 1436 1659 1491 rolris
1682 1433 1784 1497 iiierat,
1800 1430 1868 1500 aaut

1070 1538 1220 1593 lierbertus
1230 1534 1374 1603 presbyter
1384 1531 1418 1586 de
1432 1529 1579 1584 Saiiiriaco
1596 1525 1744 1597 piramidem
1759 1521 1868 1575 marita-

1071 1639 1126 1687 tarn
1138 1629 1256 1690 tenebat,
1271 1622 1487 1693 erriusmarituin
1502 1629 1583 1675 noete
1610 1617 1730 1688 grauiter
1743 1612 1866 1667 vulnera·

1073 1721 1122 1787 rit,
1135 1734 1170 1776 eo
1183 1720 1255 1789 quod
1267 1714 1385 1788 proprie
1393 1711 1472 1767 uxori
1485 1708 1630 1765 adulterini
1639 1705 1740 1761 amoris
1751 1703 1867 1758 balenas

1033 1792 1123 1867 ¹3nou
1137 1812 1255 1867 larebat.
1272 1808 1300 1864 Si
1315 1820 1382 1863 iera
1403 1814 1467 1860 sunt
1484 1804 1553 1868 linc,
1568 1815 1630 1873 uuae
1655 1800 1690 1855 de
1711 1798 1869 1868 presbytero

1070 1904 1143 1958 lanta
1159 1902 1275 1972 sparsit,
1287 1900 1367 1955 ualde
1378 1910 1494 1966 nequam
1506 1902 1549 1951 est
1569 1893 1714 1963 presbyter
1735 1889 1784 1959 rpii
1807 1888 1867 1943 talia

220 2008 318 2067 Frater
344 2010 491 2082 Goffriilus,
516 2010 642 2065 Berrieii'o
659 2010 755 2081 priori,
779 2009 983 2064 deiie'dictiuneur
1000 2025 1019 2061 ei
1071 1994 1319 2051 reetertosiauen
1343 1994 1501 2055 ponticell,
1525 1998 1554 2045 el
1578 1988 1729 2045 §cellerium
1752 1995 1868 2039 03110118

434 2102 501 2171 lieo,
519 2112 543 2157 et
557 2120 573 2156 e
587 2118 613 2156 se
627 2100 803 2156 dilectionem.
1070 2086 1146 2161 (551)
1169 2085 1235 2141 nulli
1251 2084 1325 2149 licet,
1351 2085 1379 2139 in
1406 2084 1510 2139 ineerta
1527 2095 1557 2136 re
1579 2087 1682 2135 certain
1708 2076 1868 2147 senteutiam

253 2192 442 2248 tnnrmtiaiern
456 2200 541 2259 tuam,
556 2191 642 2249 irater
664 2192 690 2246 ia
705 2191 816 2247 cinisio
843 2191 1018 2256 plerissima,
1070 2181 1144 2235 dare.
1156 2178 1232 2233 Licet
1244 2177 1317 2233 cuim
1331 2190 1395 2231 rcra
1409 2176 1475 2237 sint,
1487 2188 1540 2228 nou
1549 2182 1613 2227 snut
1625 2181 1714 2224 tannen
1726 2165 1868 2229 credenda,

218 2284 381 2353 seditionis,
396 2298 477 2355 quam
492 2282 606 2339 lecimus
616 2292 738 2339 nostram
757 2283 954 2354 conpassionis
977 2284 1019 2339 ri·
1069 2271 1121 2326 ⁰³³5
1134 2270 1208 2342 prius
1219 2266 1457 2325 C³n⁰¹¹5l⁰⁰idi¹¹⁰
1468 2264 1554 2335 218
1567 2263 1667 2319 luerint
1680 2266 1868 2331 willielmus

221 2462 251 2519 lu
269 2462 377 2517 Claristo
399 2461 460 2517 liliis
479 2461 599 2517 Goliriilo
616 2460 705 2517 abbati
728 2460 757 2517 S.
780 2460 868 2517 Albini
894 2464 1019 2532 beilega-
1069 2464 1142 2520 ulain
1156 2479 1189 2519 ex
1203 2478 1283 2519 causa
1299 2462 1352 2517 liae
1366 2462 1393 2517 iu
1406 2474 1502 2516 manus
1517 2468 1626 2514 nostras
1639 2465 1668 2512 et
1688 2454 1870 2510 vindocinen-

218 2533 323 2599 rensis,
338 2542 365 2587 et
376 2532 491 2587 bernoni
504 2532 593 2587 abbati
609 2532 1018 2597 STrinitatisiliriilociiiensis,
1071 2537 1141 2589 sium
1156 2536 1271 2588 iratrum
1283 2532 1453 2596 relritarunt3
1468 2531 1681 2585 vindocinenses
1703 2541 1770 2582 uero
1789 2542 1869 2581 tinam

219 2604 336 2659 salutem
350 2610 377 2656 ct
388 2602 563 2671 apostolicam
575 2602 801 2657 benedictionum.
825 2601 903 2657 durio
926 2602 1017 2658 linini·
1070 2605 1288 2675 supradictarum
1301 2602 1479 2658 ecclesiarum
1494 2602 1521 2654 in
1538 2614 1635 2655 naamis
1660 2608 1772 2654 nostras
1786 2596 1871 2649 ceilli-

219 2672 495 2729 nicaeluceriiatiouis
506 2671 585 2735 tues,
599 2672 864 2739 pontilicatusuostri
880 2688 907 2739 v,
919 2674 1014 2727 indict.
1070 2676 1179 2737 «lerunt,
1195 2684 1222 2729 et
1235 2689 1284 2743 per
1308 2688 1357 2728 iios
1384 2672 1493 2727 cosilein
1514 2670 1661 2725 iiroiiaclios
1683 2667 1869 2723 investierunt.

219 2760 241 2805 ι,
262 2758 322 2799 cum
337 2757 425 2797 essem
441 2744 469 2797 in
482 2743 619 2813 provincia
633 2742 766 2798 Calabriae
787 2741 857 2813 apud
883 2756 1020 2797 aionasre-
1070 2743 1200 2798 Praesenti
1212 2746 1293 2815 igitur
1305 2744 1466 2797 auctoritate
1479 2740 1676 2795 fraternitatem
1688 2745 1808 2792 restrum
1820 2735 1868 2812 aid-

218 2814 292 2869 rium
306 2811 335 2867 S.
352 2812 442 2867 llarim
455 2827 515 2882 quai
531 2812 630 2867 dicitnr
645 2813 679 2868 de
699 2811 812 2875 llaiina,
835 2814 960 2867 niouaelti
986 2812 1016 2867 S.
1070 2830 1214 2870 monemus
1224 2824 1252 2869 et
1263 2813 1445 2882 praecipimus,
1459 2812 1549 2865 irtlroe
1560 2817 1699 2879 pactuma
1722 2808 1804 2862 nobis
1826 2822 1869 2859 in·

218 2882 321 2946 Altitut,
334 2882 466 2937 Girardus
481 2884 566 2952 prior,
592 2882 666 2945 llilo,
694 2881 858 2951 Stettliauus,
888 2884 1019 2938 adversus
1072 2885 1192 2939 tentione
1202 2884 1278 2952 pacis
1290 2893 1318 2937 et
1331 2882 1431 2951 quietis
1446 2880 1642 2949 ilisposituniet
1652 2888 1784 2933 statutum
1795 2876 1869 2931 ouini

219 2953 370 3009 monachos
381 2952 410 3007 S.
428 2952 571 3007 Trinitatis
583 2953 616 3009 dc
633 2952 795 3017 ilirnlocino,
819 2952 1018 3007 Frotiniinilrriii
1073 2968 1194 3023 tempore
1206 2955 1333 3023 deinceps
1347 2961 1435 3008 ratum
1446 2961 1474 3006 ei
1492 2952 1683 3005 inconcussum
1705 2946 1820 3003 teneatis
1843 2954 1870 2999 et

218 3022 352 3092 priorem,
372 3021 553 3093 ingelbaldnni
569 3024 726 3085 ostiarium,
743 3025 786 3093 qni
805 3034 951 3093 presentes
971 3023 1018 3077 ail·
1070 3025 1231 3079 observetis.
1245 3024 1417 3091 Qiiaeeunqnc
1429 3031 1519 3076 antem
1532 3034 1595 3089 pars
1611 3020 1681 3073 lianc
1695 3028 1798 3072 nostrie
1823 3016 1869 3070 ile

219 3100 310 3155 erant,
333 3092 473 3161 conquesti
498 3100 571 3159 sunt,
589 3092 661 3161 qrioil
686 3092 898 3149 vindocinenses
918 3094 1017 3148 imtres
1071 3095 1183 3150 cisionis
1206 3094 1370 3148 sententiani
1392 3106 1444 3145 iioii
1468 3090 1625 3160 susceperit,
1652 3088 1694 3143 rel
1719 3084 1869 3158 transgredi

219 3162 364 3241 ecelesiam
378 3160 407 3216 S.
422 3162 567 3219 Clementis
582 3164 774 3227 Cretionensis,
796 3179 856 3232 spirae
879 3179 895 3217 a
920 3179 1015 3218 mona-
1032 3138 1055 3196 G
1070 3164 1296 3235 praesumpserit,
1326 3172 1380 3217 tarn
1407 3178 1542 3215 canonum
1570 3159 1710 3215 seueritati
1730 3158 1871 3227 subiaceat

219 3232 282 3289 citis
305 3232 336 3287 S.
361 3232 451 3289 albini
467 3232 539 3301 juste
565 3234 711 3289 secundum
736 3233 842 3287 illorum
865 3242 1018 3304 temporum
1069 3235 1292 3304 qnanilegitiiuae
1314 3233 1521 3301 corripositionis
1544 3244 1665 3301 poerrain,
1692 3228 1718 3282 iil
1742 3239 1785 3283 cst
1810 3226 1869 3281 anri

218 3304 445 3359 consuetudinem
460 3303 603 3371 acquisita,
616 3313 643 3356 et
658 3319 707 3372 per
719 3305 754 3359 50
766 3319 852 3357 atinus
864 3305 965 3375 quiete,
990 3312 1019 3357 et
1069 3315 1177 3359 centuni
1190 3304 1321 3358 librarum
1337 3306 1479 3368 sustineat,
1492 3312 1519 3355 et
1533 3314 1642 3356 acauss
1657 3300 1765 3369 penitus
1779 3299 1870 3354 cadet.

218 3373 280 3431 sine
294 3372 492 3441 interruptione
503 3388 637 3441 possessi,
649 3374 782 3429 uiolenter
793 3374 909 3428 ablatam
919 3374 1019 3441 injuste
1069 3376 1137 3429 baia
1151 3374 1261 3429 Tarenti
1279 3389 1326 3428 rni
1341 3372 1401 3426 llal.
1416 3372 1543 3427 beceiub.

218 3443 384 3498 detinerent.
399 3444 449 3511 Qui
462 3458 525 3497 cum
539 3444 595 3498 suis
608 3444 795 3498 instrumentis
818 3454 844 3499 et
867 3444 1020 3499 rationibus
1107 3443 1182 3514 (52⁰)
1193 3440 1871 3513 Prepesititni.Pia·positrismonasteriiilieeliatur

219 3526 331 3567 eausam
343 3528 419 3568 suam
436 3511 582 3569 defendere
608 3514 769 3578 niterentur,
795 3515 939 3582 primodie
952 3530 1019 3585 pro·
1069 3516 1104 3582 is,
1119 3514 1197 3580 euius
1207 3514 1355 3568 secuniliiin
1370 3514 1496 3567 abbatem
1518 3528 1583 3566 cura
1600 3523 1659 3566 erat
1673 3511 1770 3564 aloinus
1785 3520 1813 3564 et
1823 3511 1868 3561 ilo·

221 3582 393 3639 cluniatioitis
409 3598 453 3639 res
468 3584 512 3637 iliu
528 3594 552 3637 et
568 3581 681 3637 multum
704 3585 832 3638 ventilata
848 3584 921 3640 nullu
933 3584 1020 3653 putuit
1071 3585 1192 3640 niestiear
1203 3584 1362 3651 discipline.
1380 3583 1500 3636 Priorem
1517 3582 1691 3635 claustralem
1720 3580 1801 3634 budie
1824 3594 1870 3633 ro·

220 3652 276 3707 line
291 3654 442 3707 terminari.
459 3653 583 3707 Secundo
597 3668 663 3707 uero
688 3654 733 3707 die
754 3654 880 3708 similiter
903 3656 1018 3709 multum
1070 3666 1144 3711 carin.
1160 3655 1239 3710 Aliud
1251 3668 1317 3723 ergo
1331 3652 1417 3707 abbas
1431 3668 1477 3707 seu
1499 3653 1580 3707 Pater
1603 3651 1772 3712 inciiasterii,
1798 3648 1871 3701 alliiil

221 3722 359 3788 discussa,
372 3724 405 3779 sd
422 3723 523 3777 nullum
536 3733 624 3776 tanton
647 3731 689 3776 est
713 3724 793 3777 tinent
822 3724 946 3779 deilireia.
971 3723 1021 3779 lile
1069 3726 1242 3794 praepositus,
1253 3734 1282 3777 ιιι
1292 3723 1412 3778 Fundani
1427 3723 1594 3784 monasterii,
1604 3720 1639 3777 ile
1653 3736 1708 3790 quo
1719 3720 1749 3774 tt.
1768 3718 1870 3789 Giego·

223 3802 314 3873 autem
330 3795 418 3855 tertio,
434 3808 474 3847 ιιιι
489 3791 592 3847 scilicet
606 3792 742 3848 liniendas
765 3796 930 3858 Decembris,
952 3794 1020 3863 resi·
1071 3797 1127 3850 rius
1139 3795 1160 3849 l.
1179 3794 1281 3863 bialog.
1305 3795 1331 3849 l.
1343 3794 1437 3849 bbbas
1457 3804 1516 3848 erat
1532 3792 1698 3858 llonomtus,
1710 3792 1871 3861 praepositus

222 3860 350 3942 dentibus
365 3863 442 3917 nobis
456 3868 483 3918 in
507 3863 630 3933 ,inglorie
653 3864 763 3921 ciuitate
789 3864 904 3933 Apuliae,
925 3864 1020 3933 presi·
1071 3866 1225 3919 liliertiuus
1240 3864 1422 3930 Soractcnsis,
1444 3864 1479 3919 ile
1501 3865 1560 3930 uno
1581 3878 1643 3932 cap.
1668 3862 1683 3914 i
1710 3862 1873 3931 prepensis

222 3930 351 3987 dentibus
381 3933 513 4004 religiosis
536 3934 773 3991 ctrcncrabilibns
800 3945 856 3989 tarn
883 3935 1021 4005 episcopis
1070 3935 1237 3989 liiiauosus:
1264 3934 1349 3987 abbas
1374 3934 1453 3996 alius,
1477 3948 1558 4002 quem
1576 3933 1757 4001 asperrimum
1788 3930 1873 3984 iniec

222 4014 305 4126 girant
322 4012 424 4083 sanctae
448 4004 576 4059 lioinauae
598 4005 727 4060 Eiiclesiiu
752 4006 935 4061 cardinalibus
962 4006 1021 4059 sire
1070 4007 1177 4061 scribit.
1196 4005 1297 4059 Eodeiu
1322 4004 1402 4058 modo
1416 4005 1584 4073 distinguunt
1601 4004 1688 4059 lii-aei
1711 4004 1813 4078 euripis
1829 4003 1872 4055 esi

244 4072 399 4153 inconibus,
412 4075 563 4129 astantibus
574 4076 656 4128 etiarn
673 4076 807 4130 nobilibus
823 4075 963 4135 lloniunis,
992 4084 1019 4128 et
1070 4079 1209 4150 ipsiipsios
1225 4084 1272 4137 eric
1290 4082 1377 4144 perir.
1393 4073 1431 4128 Er
1447 4076 1499 4129 boe
1518 4090 1583 4129 reru
1596 4073 1656 4127 loeo
1666 4082 1741 4142 patet
1753 4088 1807 4125 iiiiii
1825 4085 1871 4126 sn·

222 4143 370 4197 comitibus
381 4145 483 4213 bruiliae
493 4144 705 4214 gloriosissimis,
720 4146 869 4200 boamunte
889 4155 917 4201 et
944 4144 1021 4200 Guil-
1071 4146 1126 4201 luiu
1137 4148 1188 4200 suli
1199 4146 1353 4210 abbatibus,
1367 4158 1461 4197 retum
1477 4144 1560 4198 etiarn
1573 4143 1772 4212 subprioribus
1785 4140 1870 4197 luisse

221 4210 475 4295 lclmtt3reiterum
503 4216 547 4268 diri
567 4224 594 4269 ct
618 4216 731 4270 uiultunt
758 4218 886 4286 inquisita
910 4215 1019 4270 laudern
1069 4217 1242 4286 praepositos,
1264 4214 1290 4268 iu
1304 4216 1336 4269 iis
1352 4214 1480 4267 nimirum
1494 4214 1661 4283 prioratibus
1682 4212 1729 4281 ipii
1753 4226 1874 4267 ciiiiren-

221 4282 376 4363 inspirante
387 4285 442 4339 neo
458 4283 574 4339 lucidius
587 4286 684 4349 clusit,
700 4287 728 4341 ia
741 4304 823 4354 uriam
834 4286 926 4355 potius
953 4300 1019 4353 par·
1071 4288 1156 4341 tuales
1168 4294 1271 4352 esseut,
1296 4294 1325 4339 ut
1348 4283 1485 4354 appellant
1501 4302 1508 4338 :
1523 4282 1674 4353 cujusmodi
1701 4290 1745 4338 cst
1769 4282 1872 4337 Credu-

155 4380 161 4395 ·
223 4355 396 4434 teinjiistitla
408 4354 565 4409 declinaret.
583 4355 649 4409 Guni
666 4357 738 4409 euim
754 4366 868 4425 utraque
886 4355 1022 4425 parisitis
1071 4357 1174 4411 nensis.

223 4422 304 4476 nobis
318 4423 523 4493 allegationibus
535 4424 667 4488 ebriaret,
680 4434 707 4479 et
717 4426 781 4480 liius
804 4426 955 4495 pactionem
972 4424 1021 4479 ab·
1107 4428 1182 4494 issu)
1195 4427 1215 4480 il
1227 4428 1342 4481 claustro
1363 4436 1413 4479 etii
1428 4436 1501 4479 curte
1522 4424 1555 4479 tt.
1571 4424 1723 4479 Cleuientii.
1750 4422 1780 4477 lil
1794 4434 1836 4477 est
1856 4438 1873 4477 a

222 4490 747 4562 batiint,coullmtatiunempoiitillcuin,
757 4494 884 4549 liuiuaurc
893 4494 1021 4549 Ecclesiae
1036 4493 1060 4551 b
1073 4499 1239 4551 monasterio
1251 4508 1278 4551 et
1291 4498 1361 4550 villa.
1378 4497 1476 4551 Curres
1490 4495 1555 4549 olim
1570 4497 1646 4549 uillas
1662 4494 1810 4553 uocabant.
1825 4494 1874 4549 scil

221 4559 385 4643 legatorum,
403 4562 563 4628 illinerero
580 4566 730 4632 legitimum
748 4566 900 4629 introitum,
922 4572 950 4618 et
970 4578 1020 4619 ea-

222 4644 349 4686 nonicam
357 4632 393 4687 eu
403 4646 535 4689 asinorum
544 4635 742 4702 possessionem
753 4636 830 4691 nobis
840 4644 1019 4707 opponerent,

222 4714 274 4756 itus
287 4703 332 4771 uui
347 4704 466 4757 omniurn
483 4702 602 4757 bdelium
615 4718 711 4759 causas
724 4721 800 4774 aequa
816 4705 892 4761 lance
904 4718 1021 4774 pensare

223 4771 365 4837 debemus,
377 4772 520 4842 utriusque
531 4772 639 4827 utilitati
650 4774 829 4841 prouidenter,
847 4775 932 4847 ipsam
945 4774 1020 4829 litem

223 4843 378 4897 concordie
388 4842 574 4897 convenientis
587 4844 713 4911 ieqiiitate
728 4844 852 4899 decidere
863 4846 1018 4901 maluimus.

224 4906 326 4964 Omnes
338 4909 420 4981 igitur
433 4914 478 4981 qui
495 4913 634 4967 iioliiscuni
653 4914 767 4969 aderant
778 4915 847 4968 lianc
857 4918 1020 4971 seutentiam

224 4978 430 5043 collaudantes,
453 4982 686 5037 consentientibus
716 4985 852 5053 percutietis
880 4987 1021 5053 turiusque

225 5049 343 5104 coenoliii
356 5047 496 5115 iratribus
514 5061 542 5106 et
556 5052 582 5106 iri
599 5068 695 5106 inaniis
710 5064 817 5111 nostras
833 5054 912 5109 sidem
940 5056 1020 5125 polli-

224 5118 314 5174 cundo
332 5118 513 5183 irritantibus,
532 5122 675 5175 concordia
692 5132 719 5179 et
736 5138 789 5192 pas
805 5128 876 5178 iuter
892 5139 940 5180 cos
969 5125 1021 5179 lioc

225 5190 308 5271 morie
320 5188 407 5267 posita
423 5196 474 5257 est,
490 5199 519 5243 iit
535 5192 639 5247 scilieet
653 5192 867 5249 vindocinenses
890 5196 1022 5250 nioriaelii

225 5257 260 5313 de
276 5260 319 5313 lus
332 5258 417 5314 tribus
429 5261 561 5324 ecclesiis,
578 5272 624 5315 aut
635 5264 778 5318 ecclesiam
791 5262 963 5328 llauitiliuiu,
979 5265 1022 5319 rel

224 5324 256 5382 S.
272 5328 423 5395 Seturriiiii,
438 5330 495 5385 sire
509 5332 537 5386 S.
553 5332 664 5387 loannis
680 5349 759 5403 supra
782 5334 914 5405 Ligerim,
939 5351 1021 5389 unam

224 5410 308 5479 guam
331 5403 505 5469 congregatio
524 5412 578 5457 tota
597 5402 626 5457 S.
653 5403 796 5459 Trinitatis
817 5406 940 5473 elegerit,
958 5418 1022 5459 euni

225 5468 353 5523 oiititiittts
364 5484 425 5538 quae
436 5471 470 5523 uti
481 5474 602 5527 eamdem
614 5474 768 5537 ecclesiam,
797 5485 850 5528 tarn
878 5474 1023 5530 mobilibus

227 5552 309 5619 quarn
326 5539 520 5603 iiuuioliililins,
533 5542 647 5597 interius
658 5546 831 5613 exteriusque
846 5544 879 5598 ad
902 5558 1024 5615 presens

225 5616 375 5677 pertinent,
387 5610 456 5664 inira
469 5613 527 5667 dice
540 5612 575 5667 sb
584 5620 728 5682 postquam
742 5616 852 5669 domum
880 5616 1021 5678 redierint,

226 5680 433 5735 monasterius.
448 5681 537 5735 illliiui
553 5683 748 5752 inperpetuum
764 5686 885 5740 trailant.
910 5684 1023 5738 Fratres

226 5746 320 5819 ltaque
335 5748 364 5805 S.
378 5750 467 5807 itluini
491 5766 599 5808 orituem
624 5752 711 5822 litein,
735 5768 898 5827 omnemque
920 5754 1023 5811 calutu-

1072 4567 1173 4623 allodcs
1184 4579 1210 4622 et
1223 4568 1300 4621 liberi
1310 4566 1390 4633 juris.
1403 4566 1432 4620 ln
1446 4567 1593 4620 donatione
1606 4565 1697 4621 Ariciae
1711 4564 1871 4625 coiniiisse,

1071 4650 1152 4704 quam
1165 4638 1193 4691 S.
1211 4638 1300 4691 tinini
1311 4637 1475 4691 monasterio
1489 4636 1614 4701 instituit,
1628 4650 1700 4689 auno
1710 4632 1783 4690 titt:
1798 4635 1874 4687 boio

1071 4708 1154 4775 lpilur
1169 4707 1207 4760 illi·
1223 4718 1334 4770 certent,
1347 4707 1417 4761 dono
1444 4707 1509 4761 milri
1531 4707 1712 4775 aparentibus
1732 4705 1875 4766 liuditum,

1070 4779 1148 4831 altuni
1160 4777 1188 4832 i'ir
1198 4794 1264 4847 papo
1282 4776 1445 4844 Beleseeusi,
1458 4792 1519 4846 price
1533 4787 1641 4831 uocatur
1657 4774 1778 4829 Undenis
1790 4774 1873 4840 ailbe,

1071 4862 1131 4899 cunt
1144 4847 1247 4901 discitis
1260 4847 1385 4913 ecclesiis,
1400 4863 1454 4900 uun
1467 4849 1494 4899 in
1507 4847 1606 4899 lionore
1623 4856 1722 4899 tntictte
1735 4844 1786 4899 bei·
1797 4845 1872 4914 peni-

1072 4918 1146 4970 triris
1158 4916 1254 4971 narie
1266 4925 1425 4978 constructe,
1437 4915 1521 4970 nitere
1535 4916 1562 4969 in
1584 4916 1682 4971 benere
1708 4913 1738 4969 S.
1761 4916 1872 4969 Anioni.

1072 4987 1119 5042 Sic
1132 4989 1257 5042 curtiset
1277 4987 1390 5043 ecclesia
1416 4986 1594 5056 (lampiniaci,
1621 4986 1708 5040 curtis
1730 4983 1873 5048 llaironis,

1072 5057 1157 5112 curiis
1167 5056 1297 5121 Clririari,
1309 5066 1337 5112 et
1350 5055 1409 5110 aliae
1424 5057 1451 5109 iii
1463 5058 1583 5128 ejusdcm
1595 5056 1711 5111 coenubii
1726 5053 1876 5109 tabulario.

1072 5126 1163 5181 Haeret
1174 5128 1255 5181 lioilie
1266 5126 1352 5182 curtis
1375 5140 1475 5181 tionieii
1492 5128 1519 5180 iu
1541 5125 1673 5181 extremis
1691 5124 1874 5193 plurimorum

1071 5196 1166 5251 Galliae
1178 5196 1300 5251 locorum
1314 5195 1465 5259 uocabulis,
1477 5209 1506 5249 ιιι
1523 5196 1639 5249 Boroiils
1651 5196 1737 5250 curtis
1760 5195 1787 5247 iu
1805 5208 1875 5265 pago

1075 5266 1215 5327 ilemensi,
1231 5266 1346 5321 llunoldi
1361 5267 1446 5320 curtis
1460 5266 1488 5320 iu
1507 5266 1708 5326 cameracensi,
1724 5274 1753 5319 et
1763 5269 1836 5318 aliis.

1110 5338 1186 5404 (551)
1206 5334 1355 5389 Secundum
1370 5351 1493 5390 curiones.
1514 5336 1662 5405 Gregorius
1689 5335 1804 5405 blagiius
1823 5334 1874 5388 lib.

1072 5406 1226 5475 rui,epist.
1256 5405 1301 5469 50,
1327 5406 1487 5460 (loristantio
1514 5407 1641 5475 episeopo
1667 5405 1875 5459 Mediolanensi.

1073 5473 1158 5528 Graue
1173 5477 1239 5529 tritis
1253 5486 1289 5528 est
1300 5485 1323 5529 et
1335 5476 1457 5528 indecens
1469 5486 1496 5529 ut
1512 5478 1540 5529 in
1553 5492 1580 5527 re
1601 5474 1681 5528 dubie
1695 5484 1768 5528 certe
1795 5476 1877 5527 detur·

1073 5546 1211 5599 sententia.
1226 5546 1292 5612 Quae
1312 5555 1477 5614 seminatur,
1491 5560 1563 5599 nune
1580 5559 1614 5598 eit
1638 5546 1754 5598 iternis
1777 5544 1789 5598 l
1813 5546 1875 5611 ept-

1074 5616 1142 5671 stola
1155 5616 1416 5677 ad'Alexandriuus;
1426 5630 1501 5669 nriuc
1512 5630 1545 5671 cx
1562 5615 1631 5669 sixti
1644 5614 1666 5668 ll
1676 5614 1788 5684 epist.2
1805 5616 1876 5669 citat

1074 5684 1119 5737 lio
1132 5692 1202 5753 part.
1217 5700 1244 5749 r,
1261 5699 1322 5751 cap.
1343 5683 1438 5738 sttui
1456 5676 1520 5737 sti.
1545 5682 1692 5738 Gratianus
1715 5682 1762 5748 Xl,
1790 5700 1818 5754 q.
1845 5685 1874 5736 b.

1076 5755 1201 5819 Quamuis
1213 5770 1283 5821 rere,
1300 5770 1333 5809 ex
1345 5754 1495 5822 ,lugitstiuo
1509 5754 1546 5809 lle
1559 5754 1719 5825 periuriis
1730 5769 1794 5825 cap.
1808 5754 1840 5807 5.
