4017 6342
156 346 202 408 440
287 396 292 407 ,
868 339 1016 397 bertran
1700 341 1763 400 ath

158 481 170 519 p
214 466 291 513 aorem
304 458 349 505 aut
363 458 556 518 susceptorem,
571 463 627 504 sne
642 457 672 503 nt
686 458 765 506 uocat
781 466 838 521 rpse
856 454 913 523 spi·
928 460 952 517 Λ
967 456 1107 511 doctorum
1120 455 1284 510 amicissimo
1299 452 1392 509 seriulo
1414 454 1605 525 conquisitum,
1620 462 1647 509 et
1665 456 1691 509 in
1713 457 1753 511 hi-

157 528 263 588 rrtnalem
275 534 385 591 patrem,
401 519 500 573 trabere
512 517 620 573 meruit.
635 516 664 571 ld
677 522 750 589 quod
765 524 917 591 expressis·
966 526 1101 580 bliotheca
1118 527 1225 579 tandem
1245 524 1401 580 Corbciensi
1419 534 1554 588 repertum
1576 538 1654 593 opus.
1676 524 1757 592 Qttod

157 604 215 657 sime
229 594 292 648 dem
311 599 403 643 narrat
422 590 448 642 in
468 589 577 659 prologo
594 586 652 657 ejas
670 588 783 660 dialogi,
807 592 841 646 de
860 608 916 662 qno
967 594 1072 666 lloyses
1083 594 1193 649 iudaeus
1207 604 1234 649 et
1247 594 1343 652 Petrus
1357 594 1538 659 Christianus,
1557 610 1653 663 nempe
1670 595 1694 649 is
1706 595 1754 666 otri

157 668 224 741 panto
236 668 292 733 post
307 659 434 714 dicemus.
453 658 529 712 linue
547 672 607 713 esse
623 674 704 728 quem
720 659 856 717 innuimus
868 662 916 716 44-
964 665 1030 719 olim
1049 665 1151 731 itterat,
1165 680 1226 720 curn
1241 679 1274 721 eo
1292 667 1337 735 qui
1349 663 1405 733 jam
1418 679 1479 720 csse
1495 675 1627 735 coeperat,
1642 680 1753 720 accura-

154 744 269 807 phousum
281 730 313 785 de
325 742 378 797 quo
394 727 522 796 loquitur.
541 737 595 782 tum
615 729 684 782 ratio
702 730 841 799 tenrporis,
859 739 914 787 tum
967 734 1070 789 tissime
1091 744 1246 803 pertentat.
1267 734 1299 789 4ιι
1317 750 1346 787 eo
1365 734 1471 801 (arretor
1485 734 1533 802 ait)
1550 736 1665 791 omniurn
1685 734 1753 789 alia·

153 804 271 875 hispania
283 798 448 868 imperatoris
461 796 564 860 titulus,
578 813 631 865 ntro
641 814 703 852 enm
715 808 804 863 vocat,
820 811 915 857 contra
965 820 1024 858 runt
1048 804 1161 871 nentium
1186 803 1347 858 credulitatis
1369 804 1569 859 destructionem
1591 806 1722 874 praeposui
1743 821 1752 859 :

152 894 191 932 eos
205 873 330 933 erirrcunt,
343 868 388 936 qui
404 866 570 937 Alphousum
585 866 664 937 hujus
679 868 798 925 nominis
811 869 832 928 ll
847 874 916 925 dra·
964 886 1021 943 post
1039 876 1094 931 itae
1113 874 1288 932 dienerinnen.
1307 874 1386 943 lepem
1407 873 1525 929 omnibns
1545 874 1752 943 prestantiorem

149 945 224 1016 guaiae
235 938 449 1007 inpinguatam
462 951 514 991 non
527 945 590 991 ante
603 952 702 991 aunum
716 942 913 1009 sexagesimum
964 960 1020 998 esee
1043 944 1158 999 conclusi
1176 956 1187 995 .·
1206 944 1241 997 ad
1266 941 1384 997 ultimum
1409 945 1487 997 etiarn
1509 960 1598 998 omncs
1616 943 1753 1014 cujuslibet

150 1015 246 1070 tertium
255 1008 369 1075 eitrsdem
381 1007 471 1061 saeculi
485 1022 595 1076 reginam
606 1023 685 1061 sarram
698 1008 846 1064 inchoavit.
860 1010 916 1067 Nec
965 1013 1122 1067 Christiane
1136 1012 1199 1084 lepis
1214 1012 1357 1065 ermenredi
1374 1012 1528 1079 obpedionen
1541 1016 1627 1083 potui,
1639 1014 1753 1083 potitor·

148 1087 226 1141 minus
238 1080 307 1147 virga
324 1077 446 1132 censoria
461 1077 559 1146 dignus
575 1085 618 1131 est
631 1076 913 1144 Petrnsfihmboesins,
964 1101 1014 1153 qne
1037 1099 1083 1151 pro
1106 1099 1162 1136 meo
1183 1097 1274 1147 rapere
1297 1098 1356 1135 earm
1377 1082 1477 1136 tutione
1495 1092 1519 1135 et
1535 1084 1689 1137 auctoritate
1711 1084 1753 1135 de-

147 1156 185 1223 nni
204 1152 228 1206 in
250 1147 403 1218 praefatione
426 1146 564 1218 apologie
583 1160 633 1215 pro
654 1145 735 1203 Petro
757 1148 913 1216 hiruilardo,
965 1155 1061 1207 stertei.
1078 1152 1180 1206 Proeliit
1198 1165 1306 1220 qaronue
1319 1151 1347 1204 in
1360 1150 1485 1205 editionis
1497 1150 1664 1206 Bibliothecae
1682 1151 1754 1207 Vete-

146 1224 296 1293 hlphonsnm
308 1219 379 1272 herne
397 1232 488 1286 regern
501 1216 633 1285 optimum
647 1226 675 1271 et
692 1218 914 1275 mathematicum
966 1239 1026 1276 rum
1047 1221 1104 1277 ΡΡ.
1127 1230 1200 1277 ιοιιιο
1220 1219 1284 1279 llll.
1310 1229 1338 1277 et
1358 1221 1384 1275 in
1410 1218 1557 1276 norissima
1580 1221 1752 1291 Lugdunensi

146 1290 316 1350 electissimum
340 1286 472 1355 appellat,
497 1285 665 1341 conhtndeus
688 1302 750 1341 enm
778 1303 840 1343 orant
866 1289 914 1347 dt·
967 1300 1040 1346 tumn
1052 1289 1124 1346 44444.
1146 1289 1249 1347 Latrdal
1265 1289 1400 1345 honduem
1418 1304 1539 1373 opusque
1553 1290 1691 1359 sentientis
1704 1306 1754 1345 sn-

146 1367 237 1433 phonso
254 1357 290 1421 44,
307 1357 430 1413 castetne
451 1371 524 1432 rege,
547 1356 708 1419 Fordiuandi
731 1356 824 1414 Sancti
847 1360 914 1427 lilio,
965 1362 1018 1415 enh
1033 1362 1151 1430 scriptor
1166 1360 1344 1431 Rnymrmdns
1364 1358 1482 1423 Martini,
1504 1359 1707 1419 bominieanus,
1726 1360 1752 1414 in

147 1434 255 1501 sapiente
266 1428 463 1499 cognominato
966 1431 1086 1500 Pupione
1104 1430 1166 1498 fidei
1184 1432 1307 1484 advertet
1324 1428 1433 1483 Maurae
1445 1439 1469 1483 et
1483 1428 1591 1485 dudunt
1606 1428 1656 1499 (44,
1672 1428 1755 1483 luisse

173 1500 336 1571 baptismatis
351 1499 413 1551 item
427 1497 516 1551 locttm
533 1496 678 1553 oscensem
694 1497 787 1552 urbem
800 1495 859 1565 ejus
872 1514 916 1553 re·
965 1518 1040 1565 ennr,
1063 1502 1218 1570 priusquam
1233 1499 1404 1553 Christianus
1425 1499 1512 1561 lieret,
1535 1514 1662 1569 magnum
1684 1500 1755 1569 apud

143 1573 181 1643 pai
195 1568 382 1625 nobilissimam
401 1567 515 1622 sertorii
537 1567 687 1631 tendentia,
706 1576 734 1621 et
756 1567 834 1637 lotape
856 1569 916 1633 ptus
964 1572 1073 1627 hulmos
1088 1570 1228 1625 rabbinum
1240 1583 1375 1623 asserens.
1390 1568 1558 1631 Vincentius,
1571 1568 1608 1623 uti
1627 1570 1754 1635 diximus,

143 1641 361 1696 sanctissimorum
389 1648 536 1709 urartprum
565 1638 702 1692 Laurentii
727 1638 916 1709 vincentiique
966 1640 1164 1696 bellovacensis
1176 1638 1226 1708 (5),
1243 1647 1270 1693 et
1286 1639 1438 1696 Antoninus
1450 1638 1633 1703 Florentinus,
1645 1648 1671 1693 et
1685 1640 1755 1693 llut-

143 1711 263 1770 natalibus
274 1708 477 1763 celeberrimam
491 1708 542 1778 (4),
561 1708 631 1763 rande
651 1708 731 1765 donno
752 1708 823 1763 idem
846 1709 916 1765 sorte
967 1713 1053 1767 tlemus
1070 1711 1220 1765 l‘airrrerins
1234 1708 1285 1781 (6),
1303 1708 1456 1777 dlphonsus
1473 1710 1536 1763 item
1557 1709 1639 1779 Spina
1655 1707 1755 1764 Forte,

142 1782 227 1844 Petrus
247 1786 339 1833 noster
360 1777 512 1847 dlplronsns
530 1776 581 1832 init
603 1776 653 1899 (4),
675 1787 802 1848 corrupte
823 1777 914 1835 (latam
932 1798 953 1861 p
968 1782 1020 1835 litii
1035 1782 1096 1849 fidei
1110 1789 1204 1835 unctor
1219 1779 1268 1848 (4),
1282 1782 1327 1847 oni
1346 1779 1575 1848 sapientissimum
1590 1788 1618 1835 et
1630 1782 1756 1836 eruditis-

142 1860 210 1906 rocat
222 1856 315 1904 auctor
325 1846 417 1918 ltnpni
429 1846 552 1903 Chroniei
569 1846 667 1912 depici
679 1848 749 1902 inter
762 1848 916 1918 Scriptores
966 1854 1078 1917 sinurm,
1094 1858 1121 1904 et
1137 1848 1266 1921 hiphonsi
1283 1849 1454 1917 imperaturis
1469 1850 1613 1914 medicum,
1627 1859 1654 1903 et
1672 1866 1755 1906 nerto·-

141 1936 221 1976 rernm
241 1918 466 1975 Germanicarum
489 1931 505 1972 a
529 1918 646 1973 Pistorio
666 1916 743 1980 editi,
766 1919 828 1973 dttm
851 1919 914 1973 anni
966 1921 1079 1978 rabilem
1100 1930 1209 1975 vocat:
1237 1918 1360 1975 Valerius
1387 1920 1561 1973 historiarum
1589 1929 1679 1974 noster
1703 1921 1754 1991 (8),

142 1991 198 2047 4404
214 1998 286 2057 gesta
300 1986 403 2053 relert;
417 1997 471 2113 ιιιὲ
483 2002 499 2043 e
511 2003 545 2043 eo
557 1996 685 2059 corrupte
699 1988 785 2059 magis
799 1988 916 2043 lliuceu·
966 1992 1121 2061 diphonsns
1141 1988 1263 2045 Venents
1285 1990 1334 2059 (9),
1357 1989 1475 2045 lacobus
1498 1988 1637 2059 Philippus
1656 1990 1756 2061 bergo-

141 2062 186 2116 tins
198 2058 440 2119 bellovacensium
473 2057 831 2123 .1lntoninusl⁴'lorentinns‚
845 2060 916 2128 apud
966 2062 1069 2117 mensis
1089 2058 1155 2129 (40),
1178 2059 1277 2114 Paulus
1292 2059 1411 2131 Longius
1425 2059 1492 2128 (44),
1516 2069 1616 2129 praeter
1629 2062 1756 2118 noviores

142 2146 200 2198 qnos
215 2128 308 2183 dontio
323 2129 433 2198 legiam.
448 2128 517 2183 llale
531 2128 624 2184 itidem
647 2128 788 2183 blttnbaua
810 2128 917 2183 Palme-
966 2132 1195 2187 bibliothecarum
1223 2130 1357 2192 editores,
1386 2128 1579 2193 Posserinum,
1607 2129 1754 2194 Schotnm',

140 2202 188 2256 rius
200 2200 225 2253 in
238 2198 375 2260 chronico
388 2199 422 2252 nd
436 2214 535 2253 arratum
550 2198 618 2254 4066
632 2200 716 2253 nostri
731 2199 852 2252 rneruintt
863 2200 913 2266 (5),
967 2201 1087 2255 atti-mm
1111 2212 1138 2257 ct
1161 2200 1294 2269 hispanos
1315 2200 1469 2255 tristoricos.
1493 2198 1632 2255 Tribuitm
1649 2216 1755 2272 quinque

140 2274 179 2338 nati
191 2277 250 2324 artie
262 2284 309 2323 sex
326 2277 431 2323 turrium
444 2268 533 2323 interut
548 2279 640 2330 nalus;
659 2284 730 2322 :tttuo
744 2286 816 2323 errrru
836 2268 914 2332 4406,
966 2273 1054 2326 eidem
1070 2286 1084 2325 a
1101 2272 1263 2326 ttnrtnetu'tne
1278 2270 1334 2341 (44)

140 2341 222 2409 ntroin
235 2342 339 2411 premio
353 2339 482 2393 Ecclesiae
496 2337 547 2393 ierit
568 2348 721 2409 susceptus,
761 2348 867 2393 uartnrn
888 2348 917 2393 et
1001 2340 1041 2397 lie
1057 2342 1169 2398 seientia
1186 2350 1210 2395 et
1224 2339 1387 2409 philosophia
1402 2338 1450 2396 lib.
1466 2354 1485 2393 t.
1506 2338 1555 2406 Qut
1578 2339 1668 2394 forsan
1684 2339 1755 2395 idem

138 2410 376 2481 prindrapesimutn,
394 2408 493 2475 etipse
510 2411 559 2475 ait,
581 2409 607 2463 in
621 2417 701 2464 aetate
716 2410 749 2462 ba
770 2408 842 2463 ebat.
856 2408 916 2475 Quo
966 2423 1009 2470 est
1022 2428 1082 2466 curn
1106 2412 1176 2466 libro
1200 2410 1361 2481 Disciplina,
1378 2410 1414 2465 ita
1438 2409 1473 2465 ab
1485 2424 1519 2465 eo
1533 2410 1659 2480 appellati
1674 2410 1755 2480 445);

138 2492 216 2535 aritem
235 2481 346 2535 nomine
361 2479 537 2549 appellandus
548 2479 601 2532 erit
620 2493 714 2533 eorum
730 2479 916 2535 crassissimus
966 2483 1044 2553 cujus
1056 2480 1208 2550 exemplum
1224 2480 1324 2535 veteris
1335 2478 1414 2535 valde
1425 2480 1568 2548 scripturae
1581 2478 1667 2535 codex
1683 2478 1757 2534 iarn·

138 2551 364 2620 iupanciterror,
377 2552 425 2619 qui
448 2564 503 2603 nrm
516 2560 543 2605 et
557 2550 629 2604 ultra
649 2548 750 2603 secedo
770 2557 915 2618 antequam
967 2568 1052 2607 cantis
1076 2566 1127 2605 ms.
1151 2550 1218 2605 4464
1242 2557 1404 2615 conserral;
1427 2547 1503 2617 eujus
1526 2550 1658 2604 initiunt:
1683 2548 1756 2603 Dicit

136 2621 293 2685 dominicus,
307 2620 523 2680 Praedicatornm
542 2619 728 2676 sanctissimus
748 2633 856 2687 parens,
872 2635 917 2673 or·
967 2621 1063 2677 Petrus
1079 2621 1225 2691 dlpdonrur
1237 2633 1326 2677 cernat
1339 2620 1404 2675 decu
1419 2618 1527 2685 Christi,
1541 2630 1687 2689 componor
1706 2620 1756 2673 hn-

137 2691 215 2745 dinem
233 2706 312 2745 snum
328 2691 503 2750 instituisset,
517 2689 693 2745 hnminicano
705 2687 915 2746 Praedicatornm
963 2693 1009 2763 jur
1026 2692 1086 2747 libri
1100 2708 1109 2746 :
1125 2690 1258 2745 Gratiana
1277 2690 1428 2752 adlamt'na,
1439 2698 1491 2745 ete.
1508 2690 1543 2745 br
1558 2704 1621 2745 mox
1635 2708 1642 2743 ι
1657 2687 1755 2743 Prolo-

136 2760 213 2818 drdiui
235 2761 346 2816 Petrum
365 2759 523 2815 ascribunt?
544 2761 629 2829 Quem
651 2773 773 2814 errorem
796 2757 918 2814 Andreas
966 2779 1014 2834 pur
1028 2762 1089 2816 iibri
1112 2760 1185 2815 Petri
1205 2760 1254 2829 Alp
1306 2760 1341 2813 ni.
1362 2758 1433 2813 Dtur
1452 2760 1480 2813 in
1494 2758 1678 2831 hocopuscnio
1692 2761 1758 2813 mihi

137 2830 241 2886 Senatus
252 2831 279 2886 in
293 2830 462 2885 Bibliotheca
473 2828 605 2899 Hispana,
619 2840 647 2884 et
660 2827 785 2883 Valerius
794 2828 917 2884 Andreas
966 2833 999 2887 sit
1014 2833 1041 2886 in
1058 2829 1197 2894 ancilium,
1213 2832 1258 2899 qni
1270 2845 1312 2885 me
1324 2829 1420 2883 librum
1434 2830 1503 2883 hune
1517 2844 1670 2899 componere
1688 2840 1713 2883 et
1727 2832 1754 2882 in

137 2899 269 2957 Taxander
287 2902 315 2956 in
339 2900 470 2969 catalano
490 2916 540 2954 sno
562 2899 740 2968 lliepannranr
760 2899 917 2964 scriptarum
966 2902 1078 2956 latinum
1092 2913 1238 2957 cntuertere
1250 2900 1385 2968 compedit.
1398 2898 1465 2958 Cam
1485 2900 1553 2953 enirn
1564 2901 1634 2968 apud
1647 2916 1687 2954 me
1703 2916 1755 2953 rre-

136 2970 325 3027 iuadrertenter
350 2972 504 3035 admisero,
524 2970 651 3039 Scripsit,
674 2984 770 3023 uotnen
798 2982 876 3023 snum
901 2985 917 3023 a
967 2972 1035 3043 pirre,
1049 2982 1103 3027 etc.
1119 2970 1153 3025 Et
1167 2970 1246 3039 paulo
1260 2969 1393 3025 inieritis:
1410 2968 1553 3091 Propterea
1573 2987 1620 3039 epo
1639 2969 1760 3031 libellum

136 3042 263 3107 perutilium
285 3057 414 3104 snorum,
430 3040 476 3110 qui
498 3039 557 3109 eins
579 3042 613 3095 uel
635 3049 725 3095 castra
748 3038 918 3093 Christiano·
967 3042 1092 3111 ceutpepi,
1110 3041 1208 3111 pertint
1220 3056 1251 3095 ex
1263 3040 1403 3107 proverbiis
1417 3040 1460 3106 piri
1473 3040 1641 3106 onophorum,
1661 3050 1684 3093 et
1700 3042 1756 3095 suia

135 3126 186 3163 nrm
199 3112 341 3173 transitum
361 3111 480 3179 maligne
498 3112 755 3180 interpretabantur,
774 3108 953 3205 caiutnuiisc
968 3110 1182 3181 restinctioniitnt
1198 3109 1327 3173 Arabicis,
1342 3119 1366 3163 et
1379 3110 1487 3179 [alniis.
1502 3120 1526 3164 tt
1537 3110 1646 3175 nnidun,·
1660 3110 1759 3179 partina

134 3181 309 3245 uindicaturus
324 3182 486 3243 doctissime
500 3190 582 3250 nuptae
595 3180 797 3238 eruditissime:
967 3197 1001 3236 ea
1012 3180 1168 3236 animalium
1182 3191 1207 3235 rt
1218 3180 1356 3235 uoluerunt
1369 3179 1593 3245 similitudinibus,
1608 3191 1661 3234 etc,
1678 3178 1757 3233 Prion

166 3250 283 3322 hiaiupos
299 3253 372 3323 (sive
388 3251 525 3322 dialogum
548 3252 575 3304 in
596 3264 634 3303 mr
650 3259 740 3317 partes
755 3249 813 3303 site
826 3248 918 3304 titulos
969 3252 1070 3323 cipinm
1094 3250 1155 3307 libri
1175 3269 1182 3305 ι
1205 3250 1263 3305 Hoc
1277 3248 1445 3319 philosophus
1463 3251 1509 3321 aui
1531 3249 1622 3321 linpna
1643 3250 1759 3309 Arabica¹

135 3320 307 3387 distributum)
332 3323 361 3377 t'n
385 3322 481 3391 quidus
501 3322 588 3387 impia
608 3318 762 3375 «indecorum
784 3319 917 3389 opiniones
968 3322 1170 3391 connominatur
1183 3320 1290 3381 recten,
1306 3320 1371 3373 died
1384 3320 1441 3389 filio
1456 3338 1515 3383 auo,
1528 3330 1581 3374 etc.
1605 3320 1638 3373 El
1658 3321 1684 3373 iu
1704 3320 1756 3373 line

133 3391 329 3454 euidentissimis,
353 3409 416 3447 cunr
440 3391 580 3457 naturalis,
596 3400 652 3445 tuor
673 3388 782 3443 coeicttit
803 3390 919 3457 plattam·
967 3403 1035 3446 cst:
1059 3390 1172 3459 daphni
1194 3391 1259 3446 liber
1281 3390 1353 3447 Petri
1377 3390 1513 3460 Alpironti,
1538 3392 1582 3461 qui
1606 3388 1757 3445 intitulatur

39 3501 40 3516 2
132 3461 192 3528 phin
205 3464 380 3533 ornamentis,
396 3461 577 3531 coinfirmatur,
595 3459 765 3530 quadamque
779 3461 918 3528 propheta·
968 3460 1125 3532 Disciplina,
1138 3472 1216 3584 prout
1233 3461 1343 3515 habetur
1360 3460 1533 3529 t'rrprocemr'o.
1554 3460 1701 3516 Character
1715 3467 1758 3512 est

134 3545 183 3583 mn
201 3533 365 3587 abstrusiora
385 3532 445 3586 loca
465 3530 638 3599 explicantur.
653 3528 794 3593 Quomodo
814 3542 918 3581 nuncu·
968 3531 1039 3587 lecha
1055 3529 1134 3587 didici
1148 3532 1170 3587 is
1183 3532 1218 3587 ob
1230 3529 1384 3601 lrequentes
1396 3530 1611 3595 abbreviaturas,
1627 3540 1654 3585 et
1667 3546 1757 3598 aeqrra-

39 3633 40 3636 ,
132 3602 179 3669 pari
189 3601 305 3661 Colonia
316 3604 439 3671 primurn
454 3616 486 3655 ex
497 3600 619 3671 Gprrrnici
635 3600 740 3656 oliieiun
752 3612 824 3669 anno
835 3596 914 3660 4556,
969 3601 1016 3665 lis,
1033 3610 1080 3655 aut
1099 3600 1155 3657 lere
1172 3600 1271 3659 secutio
1285 3602 1348 3655 luric
1362 3616 1416 3670 quo
1428 3610 1523 3655 atrctar·
1539 3600 1616 3655 uixit.
1633 3598 1757 3665 Diolopa·

39 3725 40 3730 ,
133 3670 203 3736 lli-8⁰,
218 3675 357 3743 prodiere,
375 3672 413 3727 ab
427 3670 582 3725 lleruruntto
595 3671 694 3725 cornihe
713 3666 850 3723 horreario
866 3666 918 3721 Ee·
969 3688 1027 3726 rum
1045 3687 1095 3727 ms,
1113 3672 1234 3728 codicem
1255 3670 1378 3726 thhens
1393 3670 1484 3725 inundat
1505 3672 1531 3725 in
1554 3670 1636 3725 anoe
1658 3668 1758 3723 Biblin-

132 3740 210 3802 cicsiae
225 3741 440 3816 Argentinensis
459 3742 614 3811 praeposito,
636 3740 695 3796 siro
711 3737 868 3794 doctissimo
885 3750 919 3791 aa
971 3744 1052 3797 theca
1066 3759 1129 3797 ιιιι.
1145 3740 1271 3795 librarum
1287 3751 1365 3811 par-te
1377 3742 1504 3806 sconarda,
1519 3756 1581 3812 pag.
1592 3740 1629 3797 46
1641 3740 1707 3811 (44).
1728 3797 1733 3807 ,

144 3875 196 3956 ι(4)
213 3876 278 3942 erae
293 3879 434 3934 hactenus
450 3878 502 3933 hoe
514 3888 626 3929 utrruero
637 3873 783 3928 traduntur
795 3886 915 3943 panepy·
966 3874 1044 3931 Liber
1054 3877 1085 3929 de
1099 3874 1246 3931 scientiori
1260 3873 1424 3945 prtrromphia
1453 3890 1543 3998 oppio,
1557 3890 1627 3931 nram.
1636 3877 1707 3931 adem
1719 3878 1758 3932 sit

131 3958 167 3998 nn
184 3948 245 4002 mihi
266 3950 463 4017 potiusquam
486 3947 626 4001 historiam
650 3944 775 4001 uidentur
793 3957 888 4011 sapere
907 3956 915 3993 τ
966 3960 1029 4002 eum
1046 3962 1063 3998 n
1082 3958 1129 3999 ere
1145 3944 1179 3999 ab
1191 3945 1249 4013 ipso
1263 3943 1464 3999 Petrohlionso
1506 3946 1639 4015 isciplirta,
1655 3946 1689 4000 ah
1703 3946 1757 4000 Ou-

131 4023 196 4138 tet
211 4020 342 4143 οΙιιι
359 4019 527 4141 nnn,
545 4014 744 4139 Etalete
764 4013 918 4139 {tenid
967 3960 1488 4141 rathenerrarem
1504 4015 1758 4139 haurirent·

169 4101 177 4110 ⁴
266 4108 271 4120 ’
413 4104 455 4119 ’·
780 4101 785 4114 ·
851 4103 855 4113 ·
1119 4114 1120 4117 “
1277 4122 1285 4138 .
1678 4104 1684 4133 t

130 4102 281 4213 exeidddind
295 4104 397 4144 mm
411 4105 426 4141 a
439 4103 480 4143 m
494 4102 575 4156 super
741 4126 749 4152 ⁹
966 4100 1053 4225 dedda
1066 4101 1166 4209 dnmrin
1178 4098 1359 4210 Escdrialeusi
1372 4101 1532 4209 bibliothdea
1544 4153 1597 4209 bit.
1607 4170 1635 4223 tp,
1652 4102 1758 4224 plum

160 4227 196 4290 (44
214 4228 252 4283 lta
265 4230 360 4285 credit
373 4226 485 4285 banaian
504 4224 575 4279 ilict.
591 4224 623 4278 de
636 4226 754 4293 drapan-
971 4227 1021 4280 snb
1037 4242 1064 4279 n.
1079 4224 1124 4289 44,
1138 4233 1258 4279 notatum
1273 4224 1381 4293 reperi:
1396 4222 1468 4277 Petri
1486 4224 1633 4295 Aldedrmsi,
1650 4226 1701 4279 rinc
1714 4228 1757 4277 44-

160 4296 201 4366 (5-
214 4300 248 4353 ht
259 4314 324 4355 eum
335 4313 372 4355 eo
385 4296 488 4356 Paulus
498 4294 616 4367 Latmius
628 4296 655 4349 in
667 4291 795 4348 Chronico
805 4292 918 4350 dietae.
972 4296 1042 4365 sanai
1054 4294 1176 4350 Oscensis
1187 4310 1251 4364 apua
1264 4292 1465 4348 Praetuttiorum
1477 4311 1523 4348 neu
1536 4294 1663 4348 clericalia
1675 4295 1758 4361 iliaci,-

129 4376 175 4419 eta
205 4369 277 4425 huno
288 4386 358 4423 ann.
971 4364 1051 4437 plina
1062 4379 1072 4418 .·
1085 4380 1139 4435 qua
1152 4364 1211 4419 loco
1225 4365 1251 4419 in
1266 4362 1325 4433 ojus
1344 4362 1513 4419 bibliothecae
1527 4365 1648 4419 cardicum
1665 4380 1757 4421 receu-

159 4437 195 4508 (4)
213 4455 243 4495 ιιι
259 4456 333 4509 par..
347 4438 415 4494 dist.
427 4437 455 4503 5,
466 4450 527 4505 cap.
541 4436 570 4500 4,
584 4449 646 4506 pap.
662 4432 716 4489 540
727 4433 854 4491 editionis
865 4431 917 4488 Pa·
973 4436 1049 4493 sione
1063 4438 1141 4507 (tom.
1157 4435 1188 4491 lli
1201 4434 1335 4497 Latinam,
1347 4448 1409 4515 pag.
1423 4434 1466 4497 40,
1484 4433 1554 4505 init.)
1573 4436 1630 4491 baec
1644 4435 1735 4489 addidi
1749 4454 1756 4513 ².

130 4505 211 4562 risittte
223 4512 288 4565 arrni
304 4509 390 4565 4664.
973 4502 1067 4569 fribus
1082 4506 1155 4559 dhrir
1170 4522 1179 4559 :
1198 4504 1291 4559 Latino
1308 4506 1412 4575 perdent
1426 4520 1553 4568 rerumne,
1568 4506 1613 4559 red
1633 4502 1757 4559 Hebraicr

168 4579 194 4647 5)
212 4580 241 4634 ln
257 4580 340 4649 Sper.
356 4579 467 4643 histor„
482 4591 542 4648 par.
556 4590 587 4631 ιι.
933 4588 1019 4665 naut
1042 4576 1147 4631 Arabici
1171 4575 1282 4645 saporis.
1303 4574 1367 4631 lure
1390 4573 1472 4644 igitur
1494 4572 1645 4645 Disciplina
1668 4574 1757 4636 titulo,

170 4649 196 4721 6)
213 4648 242 4711 4ιι
257 4649 370 4705 Cbron.
387 4647 421 4702 ad
436 4662 537 4701 martum
550 4644 629 4700 4068.
971 4644 1172 4703 Praetuttiorum
1200 4644 1294 4699 titulus
1320 4645 1498 4714 praeparation
1519 4660 1581 4699 tram
1603 4661 1636 4699 ea
1656 4660 1759 4714 prater-

169 4721 194 4789 4)
213 4720 273 4776 tib.
290 4736 320 4787 ι,
341 4718 395 4775 404.
414 4717 457 4783 59,
475 4716 521 4784 65,
535 4726 564 4772 et
576 4715 623 4771 hb.
643 4731 692 4785 ut,
710 4715 763 4780 col,
777 4717 841 4783 444,
857 4716 926 4783 tae,
972 4716 1024 4799 diis
1040 4716 1251 4813 philosophorum
1265 4724 1426 4838 ⁶⁰²²!l'“⁶÷¹‘”¹
1439 4716 1553 4797 ΙιηιιιιιΙι
1572 4712 1629 4783 eins
1647 4724 1758 4770 auclore

128 4788 140 4840 ¹
159 4790 274 4931 (liiidie.
289 4878 355 4928 retr,
371 4859 417 4916 tit.
433 4858 461 4926 6,
474 4872 534 4929 eap.
547 4858 575 4913 4.
971 4786 1338 4937 4444441444ῧὶιῖῗὲὲῖ
1355 4784 1687 4925 acaddddddsddp‘ddadu’tl
1697 4786 1760 4909 epp.

161 4933 198 4999 (9)
215 4932 244 4986 4ιι
258 4930 438 4997 Enchiridia.
972 4934 1059 4982 strum
1073 4926 1149 4981 inulto
1164 4943 1171 4979 ι
1188 4926 1261 4980 Dicat
1276 4925 1371 4979 Petrus
1388 4922 1558 4993 dulcisonsrtt,
1569 4936 1623 4981 etc.
1638 4926 1758 4995 itemque

157 5002 215 5067 440),
229 5002 287 5073 Sap
316 5019 373 5057 ern.
390 5000 439 5054 lib.
455 5000 499 5065 44,
514 4999 561 5057 iol.
572 5000 640 5063 440,
972 4998 1000 5053 in
1013 4996 1160 5053 (laoniensi
1175 5004 1202 5051 et
1221 4994 1435 5065 Cantabrigiensi
1457 4997 1527 5065 apud
1542 4992 1676 5051 Oudinnm
1690 5004 1711 5049 t.
1724 4993 1756 5057 ΙΙ,

158 5074 211 5141 (14)
231 5074 259 5127 4ιι
297 5076 383 5127 hron.
399 5070 523 5125 citizensi
534 5074 568 5128 ad
583 5085 683 5126 anntrm
698 5070 778 5126 4068.
971 5080 1033 5140 pap.
1055 5064 1117 5131 905,
1133 5065 1185 5129 col.
1207 5066 1233 5130 4,
1257 5066 1303 5134 qui
1327 5074 1355 5119 et
1375 5064 1498 5133 topicam
1520 5064 1633 5121 al’etro
1648 5064 1766 5120 Alionso

158 5144 213 5214 (44)
232 5141 420 5215 Bergomensi
432 5142 477 5195 tabi
491 5157 583 5211 snpra,
595 5140 702 5195 Venere
716 5142 742 5195 in
754 5138 919 5195 bactrirtdto.
973 5137 1154 5206 conscriptam
1166 5136 1250 5191 foisse
1270 5137 1361 5199 tradit,
1381 5145 1543 5203 exstareque
1557 5136 1585 5190 in
1595 5136 1761 5192 bibliotheca,

158 5216 213 5285 (45)
232 5212 306 5269 Vide
320 5210 400 5267 inira
411 5213 534 5265 notitiam
545 5210 777 5280 librabiaciplinn
786 5210 922 5265 clericalis
973 5207 1045 5278 regis
1061 5205 1207 5262 Galliarum
1219 5206 1279 5271 cod.
1294 5205 1374 5269 6470,
1387 5218 1421 5260 eo
1434 5215 1521 5261 tamen
1539 5221 1661 5270 nermero,
1676 5213 1764 5275 atqtra.

127 5287 302 5355 praemissam.
319 5282 408 5337 Eorr.
423 5280 612 5338 Paruoeocra.
972 5278 999 5332 in
1016 5276 1049 5331 44
1062 5277 1120 5347 ejus
1141 5276 1314 5335 Bibliotheca
1328 5274 1392 5329 torni
1413 5275 1547 5331 indicibus
1563 5275 1664 5330 husten
1684 5288 1757 5343 quae-

159 5357 213 5426 (44)
232 5357 309 5411 Petri
332 5350 444 5408 Aliensi
464 5352 634 5422 bialoporunr
653 5365 720 5433 opus
732 5350 857 5403 adoerius
870 5348 919 5403 da·
971 5348 1036 5412 aivi;
1053 5356 1080 5402 et
1094 5356 1158 5416 puto
1170 5346 1241 5402 Petri
1255 5346 1345 5415 potins
1360 5341 1472 5415 disponi
1482 5344 1662 5415 cognominati
1675 5355 1758 5423 qnam

128 5426 192 5480 dnos
204 5442 259 5480 raon
273 5440 342 5481 raro
354 5422 480 5477 occurrit
492 5424 519 5476 in
535 5422 729 5479 celebrionhus
743 5434 807 5473 mss.
826 5419 921 5473 biblio·
973 5416 1045 5471 Petri
1059 5417 1160 5487 disertae*
1175 5416 1272 5486 Lagina
1285 5430 1354 5471 esse.
1367 5414 1504 5469 Sanderus
1518 5415 1587 5483 apud
1604 5413 1763 5467 b'abrtctnrn

128 5500 219 5556 thecis,
233 5497 374 5565 uarieque
386 5492 555 5547 inscribitur.
567 5492 595 5544 ln
606 5487 925 5552 cottoniana,inGolda„
973 5487 1088 5541 bilioth.
1106 5490 1174 5543 med.
1190 5497 1213 5541 rt
1233 5486 1283 5557 4ιι).
1300 5495 1320 5541 ι.
1335 5486 1365 5547 4,
1380 5500 1439 5554 pap.
1454 5483 1517 5550 450,
1535 5484 1621 5538 eidem
1638 5482 1732 5561 tribuit
1749 5500 1756 5535 :

128 5569 183 5620 cod.
197 5567 257 5629 XV,
280 5582 349 5637 pag.
369 5562 418 5627 644,
435 5561 487 5617 nel
507 5563 519 5616 4
542 5579 549 5614 :
570 5560 735 5622 Iudaismus,
758 5556 787 5613 ln
800 5558 922 5620 blnettsi,
974 5556 1013 5611 De
1027 5559 1188 5611 abundantia
1203 5557 1231 5609 iu
1251 5556 1410 5613 temtamina
1431 5556 1465 5606 ad
1489 5568 1589 5607 omnem
1608 5560 1756 5605 ntoterrnm.

128 5636 207 5693 classi
220 5638 269 5703 44,
285 5637 395 5699 bocum
408 5634 436 5697 6,
451 5648 510 5701 pag.
523 5632 586 5694 444,
601 5647 616 5686 a
630 5631 777 5698 bosnniero
791 5646 798 5680 ε
816 5628 852 5681 be
864 5644 922 5699 neca
974 5628 1003 5681 4ιι
1015 5626 1175 5684 bibliotheca
1192 5626 1262 5695 regis
1272 5626 1418 5705 Galliarum
1432 5622 1504 5687 civ,
1516 5636 1576 5703 pag.
1587 5620 1652 5684 444,
1664 5620 1715 5675 col.
1730 5624 1756 5682 t,

128 5711 251 5762 amicitia.
274 5708 305 5761 ln
326 5702 483 5761 Galliarum
500 5703 579 5772 rogis,
597 5713 617 5755 ι.
634 5700 681 5764 ΙΙΙ,
699 5713 760 5769 pag.
776 5698 846 5762 454,
862 5698 921 5751 eud.
975 5698 1037 5750 eod.
1053 5696 1133 5757 6484,
1152 5696 1210 5753 haec
1232 5696 1283 5765 legi
1299 5710 1376 5765 tpnast
1396 5708 1422 5747 tn
1436 5707 1476 5772 ‘eo
1496 5691 1588 5771 codice
1605 5699 1731 5744 contenta
1750 5710 1756 5743 :

127 5779 213 5833 rtis:
234 5778 274 5834 Dr
286 5774 439 5847 prophetiis
465 5770 562 5830 lstlttt'x
588 5770 754 5830 Tetluutctni.
776 5766 835 5824 liora
860 5768 923 5823 item
976 5766 1013 5827 ir·
1033 5764 1219 5837 l'rnpnrentnm
1235 5782 1267 5821 en
1286 5764 1350 5821 lr'lra
1369 5758 1442 5823 d'ttrr
1459 5760 1581 5830 diphaun
1596 5770 1686 5815 centra
1706 5758 1765 5815 4ιι-.
