4017 6342
83 340 135 396 m
553 350 1263 445 mmmmmmmffimn
1673 370 1746 444 am

83 466 125 512 ter
137 456 232 531 diligit
242 468 271 515 et
288 458 409 517 Trlrrltas
424 460 456 517 ad
471 474 533 517 euna
548 466 649 534 veniet,
661 478 688 525 et
709 475 882 533 mansionem
896 486 918 545 Α
934 481 1047 538 rismata
1066 485 1108 541 eia
1126 485 1249 545 donarit.
1271 487 1318 546 ilae
1344 488 1503 549 testivitates
1522 500 1550 550 et
1573 499 1676 568 angelis
1697 512 1726 559 ct

83 550 156 622 apud
168 567 234 607 tum
250 552 355 609 saciet*
934 572 1095 634 hominibus
1116 590 1181 636 aunt
1200 582 1381 651 venerabiles,
1402 586 1467 656 quia
1483 585 1535 657 ipsi
1560 587 1615 645 Deo
1629 600 1725 650 inostro

118 641 193 708 ldeo,
208 642 381 715 charissimi,
393 648 541 719 diligamus
553 651 658 721 herrm,
673 657 802 713 mandata
823 660 883 730 ejus
934 675 999 722 sunt
1012 670 1141 726 celebres.
1163 671 1286 745 Denique
1298 675 1326 730 ln
1347 676 1487 732 nativitate
1501 677 1620 748 Domini,
1636 683 1727 740 Domi·

85 736 234 803 seruando,
259 748 289 793 ut
313 740 371 809 ipsc
391 739 487 811 diligat
510 758 560 799 nos
584 748 754 803 mansionem
779 751 830 807 sibi
855 752 882 806 in
934 766 986 815 nus
1010 762 1209 832 majestatisde
1229 766 1299 821 solio
1313 767 1407 838 gloriae
1429 771 1630 839 suaesurrexit,
1648 788 1725 831 anna

85 827 165 882 nohis
179 832 373 899 praeparando.
386 832 424 887 De
436 834 555 906 hospitio
570 840 661 897 cordis
673 843 759 898 nostri
778 853 883 901 stercus
932 847 1030 905 bellica
1055 851 1154 920 induit,
1170 870 1220 923 pro
1245 857 1325 912 nohis
1351 868 1523 928 pugnaturus
1545 862 1573 917 in
1596 865 1725 923 exsilium

85 924 289 985 pcccatorum:
317 922 475 989 poenitentia
510 934 538 979 et
560 927 733 985 corrlessionc
757 940 882 1004 exterga-
933 940 1010 996 ahilt.
1023 942 1173 1000 Parascere
1194 956 1284 1002 autem
1298 950 1357 1005 dies
1370 950 1433 1005 Delli
1446 955 1661 1022 atpaterictoriae
1674 974 1724 1013 ex-

86 1022 158 1074 mas,
175 1010 307 1081 lacrymis
331 1012 425 1069 sordes
441 1014 590 1085 diluamus,
613 1019 727 1078 duribus
748 1024 881 1080 honorum
933 1032 1013 1098 stitit,
1029 1049 1091 1089 cnm
1107 1034 1239 1093 Dominus
1252 1037 1330 1093 tortis
1344 1048 1372 1094 et
1392 1050 1489 1111 potens
1502 1043 1529 1096 in
1542 1045 1635 1113 praelio
1649 1048 1725 1117 prin·

87 1112 202 1166 operum
217 1114 318 1156 ornare
336 1103 505 1170 studeamus,
523 1116 553 1161 ut
568 1107 688 1181 Spiritus
701 1123 813 1171 sanctus
833 1116 882 1171 de·
933 1124 1022 1193 cipem
1039 1126 1134 1182 mundi
1150 1128 1290 1185 diabolum
1311 1147 1374 1187 cum
1395 1133 1453 1187 suis
1469 1134 1631 1192 satellitibus
1650 1138 1726 1194 dcvi-

87 1188 212 1259 signctur
227 1190 385 1258 adseruare,
399 1203 426 1249 et
448 1195 562 1267 dignum
586 1200 770 1259 habitaculum
786 1206 837 1261 sihi
854 1206 882 1261 in
933 1214 979 1276 cit,
995 1216 1193 1288 victoriamque
1215 1230 1339 1289 potenter
1353 1222 1480 1279 obtinuit.
1506 1223 1570 1281 Dies
1592 1243 1656 1282 vero
1672 1227 1727 1283 Do-

87 1280 167 1337 nohis
190 1299 355 1354 praeparare.
370 1283 420 1342 Hie
434 1288 517 1344 etiam
533 1292 772 1361 superDominum
787 1297 814 1351 in
834 1314 882 1353 co·
932 1304 1041 1361 minicae
1065 1310 1275 1364 resurrectionis
1292 1320 1334 1365 est
1359 1310 1418 1367 dics
1441 1328 1495 1382 qua
1520 1324 1629 1383 peracto
1654 1316 1726 1373 hello

87 1372 187 1429 lambac
199 1376 318 1445 speciem
325 1378 475 1446 descendit,
483 1382 546 1451 quia
559 1399 621 1439 cum
630 1383 780 1442 immunem
794 1403 883 1458 apce-
932 1410 1046 1463 regnum
1061 1400 1168 1467 tyranni
1181 1402 1307 1468 vastavit,
1326 1403 1510 1472 captivitatem
1526 1406 1561 1458 ab
1575 1421 1607 1461 eo
1617 1418 1723 1477 captam

88 1465 154 1521 catis
166 1468 299 1523 ostendit.
310 1467 398 1539 Super
408 1470 560 1541 discipulos
570 1484 660 1530 auwm
678 1478 705 1531 in
721 1478 784 1547 igne
800 1478 881 1545 uenit,
932 1483 966 1537 ad
979 1499 1008 1539 se
1022 1488 1207 1557 congregarit.
1224 1488 1287 1545 Dies
1301 1498 1391 1545 autem
1406 1491 1576 1547 ascensionis
1594 1502 1636 1550 est
1656 1496 1724 1563 heac,

85 1560 148 1629 quia
164 1571 278 1631 peccata
295 1563 322 1617 in
340 1563 380 1619 cis
399 1568 801 1641 consumens,chirographum
816 1586 882 1641 pec-
933 1574 960 1628 in
972 1590 1026 1644 qua
1042 1591 1105 1631 cum
1120 1578 1205 1633 nobili
1217 1594 1316 1651 pompa
1328 1580 1462 1638 Dominus
1473 1583 1606 1638 virtutum
1618 1600 1727 1656 regres-

76 1652 136 1705 cati
155 1651 270 1707 delerit.
287 1651 364 1708 Unde
389 1663 417 1709 et
439 1656 510 1727 ignis
532 1658 604 1714 lilios
629 1658 712 1715 israel
732 1662 880 1730 praecanit,
933 1683 981 1723 sus
995 1668 1182 1739 triumpharit,
1197 1680 1279 1742 atqrre
1293 1689 1355 1729 cum
1370 1675 1473 1745 angelis
1488 1677 1568 1733 malis
1581 1688 1726 1749 susceptus

67 1752 104 1798 et
119 1744 166 1800 eis
185 1744 240 1800 iter
251 1746 285 1801 ad
300 1747 415 1817 patriam
434 1750 580 1820 suggessit,
598 1750 662 1821 quia
678 1752 749 1823 ignis
764 1750 882 1822 Spiritus
932 1773 1043 1812 carnem
1060 1770 1182 1816 nostram
1204 1778 1288 1833 snper
1301 1766 1402 1821 athera
1425 1768 1564 1824 exaltavit.
1587 1768 1724 1828 llodicrna

65 1836 174 1890 sancti
191 1850 241 1892 eos
262 1837 398 1905 praecedit,
414 1846 442 1892 ct
467 1838 518 1893 iter
542 1854 591 1909 per
612 1838 769 1910 Scripturas
784 1842 817 1896 ad
832 1856 881 1911 pa·
897 1852 918 1909 D
932 1862 997 1904 vero
1011 1850 1071 1905 dies
1089 1862 1131 1907 cst
1149 1868 1202 1923 quta
1227 1855 1360 1911 militibus
1383 1860 1467 1927 spolia
1491 1860 1640 1928 distribuit,
1657 1863 1724 1918 dum

63 1926 167 1982 triam
185 1928 308 2001 paradisi
323 1930 452 1984 ostendit.
465 1928 529 1985 ideo
542 1946 616 1987 nune
633 1932 769 2005 baptisma
782 1933 881 2003 agitur,
933 1940 1060 1996 tidelihus
1073 1944 1148 1998 varia
1163 1945 1235 2001 dona
1258 1945 1377 2017 Spiritus
1388 1950 1476 2003 sancti
1488 1952 1613 2007 contulit.
1627 1953 1725 2008 Adlruc

60 2018 145 2088 qnia
172 2032 226 2087 per
238 2017 368 2087 Spiritum
385 2032 510 2077 sanctum
524 2022 655 2093 originale
669 2022 773 2078 crimen
789 2024 883 2079 remit·
932 2044 1018 2093 restat
1028 2052 1081 2092 una
1094 2038 1153 2095 dies
1167 2056 1221 2111 qua
1235 2057 1364 2111 sponsam
1379 2058 1456 2098 satam
1471 2044 1566 2100 dehac
1576 2045 1724 2116 Babylonia

58 2108 159 2164 titur.
188 2106 255 2163 Ideo
277 2109 358 2163 etiam
384 2110 546 2167 hisdiebus
570 2112 675 2183 ieiunia
701 2114 881 2183 celebramus,
932 2135 974 2183 esa
998 2128 1141 2194 ducturus,
1159 2132 1269 2200 qnando
1288 2133 1316 2187 tn
1340 2134 1436 2189 ultima
1455 2135 1499 2191 dte
1523 2134 1673 2193 Ecclesiam
1695 2138 1724 2193 in

56 2200 143 2273 ‘1³3²
162 2214 218 2270 W
240 2200 371 2269 8ΡῙῐῖῑῑΙῐῐ]
393 2210 518 2257 sancium
532 2204 639 2257 leniam
652 2204 775 2275 iecii>ere
790 2220 883 2275 spera-
932 2222 1037 2277 coelesti
1053 2220 1221 2278 llierusalem
1238 2232 1278 2280 est
1302 2226 1495 2283 collocaturus.
1518 2226 1621 2298 Nempe
1635 2229 1667 2284 de
1680 2228 1724 2285 his

55 2308 152 2355 mus·
184 2290 240 2359 Qui
266 2290 535 2363 Sililifflfflssasslluni
558 2296 802 2365 blilSDDflffliVssfll·
828 2312 882 2353 ¹¹⁰ss
931 2309 1029 2366 diebus
1054 2313 1199 2381 praecinuit
1223 2330 1271 2385 per
1296 2323 1384 2371 totum
1412 2316 1574 2373 Psalterium
1604 2317 1725 2387 Spiritus

55 2388 243 2446 ΓθΙῐΙῙῑῑθῐΙῙΓ
253 2387 289 2455 el,
302 2403 392 2458 Deque
406 2388 432 2441 ht
448 2389 500 2443 hoc
514 2390 625 2456 saecuitt,
635 2405 724 2460 illique
735 2391 761 2445 in
777 2390 879 2446 lutura.
931 2412 1054 2459 sanctus,
1066 2402 1181 2475 Insuper
1195 2406 1237 2461 'gg
1249 2416 1276 2461 gg
1290 2422 1386 2463 omnes
1400 2408 1540 2480 prophelae
1553 2410 1724 2479 persultave-

54 2482 129 2537 1'01'
155 2478 295 2550 Spffifflffl
317 2488 441 2534 sasseium
456 2479 536 2537 datur
551 2480 677 2539 ‘emissi‘
695 2489 879 2552 Di²⁰⁰²¹⁰l¹¹¹¹h
932 2504 997 2549 runt
1019 2496 1078 2551 haec
1092 2513 1213 2553 consona
1225 2514 1302 2554 voce.
1319 2499 1413 2570 igitur,
1427 2501 1594 2565 charissimi,
1609 2516 1726 2571 conspe·

56 2572 129 2641 Qui
150 2572 187 2627 de
208 2570 290 2625 vessit
304 2571 438 2644 desperat,
458 2570 502 2626 ¹¹³⁰
516 2570 648 2641 Spiritum
664 2582 788 2628 sancium
808 2574 881 2629 blas·
931 2588 985 2642 ctni
1003 2588 1064 2658 ejus
1081 2589 1109 2643 iu
1121 2590 1230 2659 justitia
1247 2606 1321 2645 nunc
1335 2606 1526 2662 appareamus,
1545 2602 1585 2657 ut,
1598 2606 1661 2647 cum
1676 2607 1726 2662 ap·

57 2663 226 2735 spasmat.
252 2670 336 2731 atque
362 2660 550 2717 Ῑῐῑθῐῃῑὲὓῑῧῑῑθ
574 2670 714 2732 Diiffllum
734 2672 879 2733 Deilliiffll·
930 2682 1053 2748 paruerit
1075 2680 1161 2749 gloria
1176 2681 1247 2751 ejus,
1271 2682 1419 2751 innuptiis
1446 2683 1506 2751 ejus
1521 2683 1614 2737 satiari
1631 2684 1725 2737 calca·

59 2752 343 2824 Quemadmodum,
368 2752 534 2816 citatissimi,
561 2762 604 2809 etl
624 2752 757 2809 Nilllilts
773 2752 880 2809 ὓῡῐῐιῑῐιῑ
930 2783 993 2824 mus
1008 2768 1200 2825 adridendum
1217 2772 1244 2827 in
1257 2772 1377 2827 bonitate
1388 2773 1538 2828 electorum
1554 2788 1678 2840 snorum,
1690 2773 1724 2827 ad

62 2845 207 2910 celebris,
224 2844 266 2899 sic
281 2850 311 2899 et
326 2844 378 2899 ista
391 2843 525 2901 festivitas
548 2846 676 2902 omnihus
692 2846 817 2902 ildclihus
833 2846 881 2903 de·
930 2858 1077 2914 laetandum
1095 2860 1122 2914 in
1136 2861 1229 2917 taetttta
1249 2862 1337 2933 gentis
1351 2876 1418 2927 suae,
1431 2862 1459 2916 in
1483 2861 1650 2932 plenitudine
1665 2875 1728 2916 om·

62 2942 121 2993 het
140 2950 206 2989 csse
223 2934 372 3000 solemnis,
386 2935 452 3005 quia
467 2937 538 2991 sicut
559 2937 586 2991 in
601 2938 646 2991 illa
669 2932 741 2992 Deus
756 2938 892 3004 incarne·
930 2949 1007 3005 ntum
1020 2950 1155 3006 bonorum
1168 2951 1256 3021 (Paul.
1271 2952 1325 3023 cu).
1340 2952 1406 3019 Quae
1424 2953 1523 3009 oculus
1535 2967 1590 3008 non
1602 2950 1679 3018 uidit,
1697 2960 1726 3007 et

67 3026 192 3083 ueniens
207 3026 341 3081 homines
361 3025 491 3094 visitavit,
506 3028 547 3084 sic
565 3028 592 3083 in
615 3028 667 3083 ista
681 3027 753 3085 Deus
766 3029 794 3084 in
817 3030 880 3101 igno
930 3040 1007 3098 ansts
1019 3056 1076 3097 nnn
1089 3040 1196 3098 audivit
1209 3040 1237 3113 (1
1248 3040 1311 3099 Cor.
1326 3040 1369 3114 n).

309 3118 412 3174 coeatis
425 3117 550 3175 hominus
564 3134 695 3191 purgans,
713 3121 798 3177 multa
811 3120 878 3177 chae

643 3394 823 3475 unuln
876 3392 1172 3477 SECUNDA.

723 3576 1092 3639 Secundumloannem.

124 3770 132 3801 ι
146 3746 193 3805 Sic
205 3746 281 3802 enim
296 3743 394 3799 dilexit
405 3742 476 3800 Deus
488 3743 631 3810 mundum,
644 3750 675 3799 ut
686 3740 786 3797 Filium
801 3756 881 3797 suom
895 3746 916 3803 c
934 3738 1021 3796 credit
1034 3754 1090 3795 non
1104 3736 1195 3793 reniet
1205 3737 1233 3793 iu
1246 3738 1392 3810 iudicium,
1405 3750 1433 3797 et
1446 3740 1492 3797 ille
1508 3738 1556 3811 poi
1570 3754 1625 3795 non
1639 3744 1729 3801 credit
1818 3766 1824 3775 ·

79 3840 255 3911 unigenitum
270 3836 362 3902 daret,
377 3843 408 3890 ut
428 3835 518 3891 omanis
532 3836 579 3906 qui
597 3834 684 3890 credit
707 3834 735 3888 in
747 3847 809 3887 eum
826 3847 879 3887 non
929 3830 986 3901 jam
1006 3830 1146 3899 judicatus
1166 3839 1218 3896 est,
1241 3831 1288 3885 uhi
1314 3842 1378 3889 sont
1400 3848 1472 3903 quos
1488 3833 1662 3902 judicaturos
1684 3844 1729 3893 est

77 3939 188 4004 percat,
212 3928 260 3985 scd
289 3928 391 3983 haheat
414 3928 497 3983 rium
521 3935 652 3982 aeternam
678 3923 844 3995 (loomin).
868 3944 878 3977 ι
932 3920 1065 3977 Donum
1080 3922 1107 3975 in
1124 3921 1169 3977 die
1183 3921 1299 3991 judiciii
1316 3924 1375 3979 Non
1388 3925 1547 3994 intelligitur
1557 3926 1726 3993 praeteritum

76 4023 182 4093 Aperit
193 4035 307 4077 causam
328 4020 455 4073 humana
468 4019 575 4083 salutis,
589 4017 763 4074 dilectionem
778 4015 883 4071 scilioet
932 4021 1040 4083 tempus
1052 4014 1116 4082 poni
1130 4028 1179 4083 pro
1192 4012 1295 4069 lutura.
1309 4012 1378 4068 Nam
1393 4014 1532 4084 judicatus
1550 4022 1603 4079 est,
1623 4015 1727 4069 dicitur

72 4114 134 4169 Dei
146 4112 236 4168 Patris
248 4126 282 4167 cx
297 4118 409 4181 quaest
423 4112 513 4165 oannis
528 4108 691 4167 restauratio
711 4110 752 4163 rel
770 4108 881 4163 institu-
931 4106 1079 4161 damnatus
1095 4113 1138 4161 cst
1149 4104 1196 4160 Dei
1209 4106 1391 4175 prescientia,
1404 4106 1452 4175 qui
1466 4105 1543 4159 nrorit
1556 4102 1622 4174 qrriu
1634 4106 1728 4159 immi-

70 4206 122 4260 tio
136 4218 185 4274 per
199 4202 301 4257 tiltnm
323 4200 449 4257 suumin
469 4198 572 4270 Spiritu
595 4206 701 4255 sancto.
726 4196 799 4252 ldcm
815 4197 883 4253 dicit
932 4203 994 4251 neat
1019 4210 1073 4250 non
1096 4195 1286 4262 credentihns3
1309 4208 1336 4251 et
1348 4196 1394 4251 uhi
1414 4194 1480 4250 dicit
1496 4209 1573 4249 :non
1588 4196 1679 4251 reniet
1690 4196 1726 4252 ad

68 4312 115 4351 ex
139 4292 210 4349 Filio
224 4293 272 4349 Dei
295 4292 368 4363 qnod
383 4307 467 4363 supra
480 4308 513 4347 cn
531 4290 588 4347 illio
606 4290 726 4346 hominis
739 4290 881 4345 credentes
929 4287 1075 4359 judicium,
1088 4287 1126 4343 ita
1139 4287 1343 4359 intelligendum
1364 4296 1408 4344 est
1419 4305 1427 4342 a
1438 4302 1495 4343 non
1511 4286 1584 4341 teuit
1599 4287 1634 4344 ad
1648 4288 1729 4343 dam·

67 4386 230 4456 consequi,
246 4396 278 4440 ut
299 4400 348 4454 per
363 4398 445 4454 quem
470 4384 498 4439 in
522 4382 622 4439 deitate
645 4380 749 4437 corrditi
773 4394 880 4447 sumus,
932 4378 1081 4435 nationem.

63 4494 132 4551 per
145 4478 276 4534 eumdem
297 4477 323 4531 in
342 4475 455 4530 homine
469 4483 666 4531 restauremur.
970 4487 980 4520 ι
995 4466 1053 4523 lloc
1064 4476 1107 4524 est
1118 4476 1210 4525 autem
1219 4467 1365 4538 judicium,
1377 4467 1441 4537 quia
1456 4468 1503 4521 lux
1517 4466 1631 4522 venitin
1646 4479 1728 4519 mun-

119 4566 209 4623 «uon
220 4568 295 4623 enim
307 4567 382 4622 misit
396 4564 468 4624 Deus
485 4564 584 4621 Filium
596 4578 679 4619 suum
696 4562 724 4617 in
747 4560 881 4618 mundum
932 4559 998 4615 dum
1017 4568 1066 4615 :et
1078 4560 1233 4615 dilexerunt
1250 4560 1378 4614 homines
1401 4558 1488 4629 magis
1502 4560 1629 4615 marchras
1642 4570 1726 4627 quam

59 4670 108 4719 ut
130 4660 243 4731 judicet
266 4658 410 4725 muudum,
430 4659 478 4715 sed
495 4667 525 4713 ut
548 4657 668 4713 mondus
692 4654 812 4711 salvetur
833 4669 882 4724 per
932 4650 1032 4707 lucem.
1049 4649 1135 4707 Erant
1148 4651 1222 4707 enim
1234 4666 1331 4705 eorum
1345 4664 1427 4720 opem
1443 4649 1524 4705 mata.
1542 4647 1639 4703 Omnis
1652 4647 1727 4702 enim

59 4757 187 4825 ipsum.
210 4772 219 4805 ι
235 4752 316 4808 Venit
338 4750 473 4817 Salvator,
489 4760 520 4807 nt
533 4750 629 4816 salvet,
651 4764 706 4805 non
722 4755 752 4802 ut
767 4746 880 4816 judicet,
932 4743 979 4813 qui
992 4744 1064 4797 male
1079 4742 1136 4812 agit
1152 4741 1211 4798 odit
1220 4742 1327 4808 letecm3
1340 4752 1366 4795 et
1379 4755 1434 4795 non
1449 4740 1524 4794 verrit
1538 4740 1571 4795 ad
1584 4740 1685 4799 lucem.
1697 4746 1728 4793 ut

56 4846 97 4903 id
119 4856 165 4901 est
181 4844 308 4909 domaret,
332 4844 379 4901 scd
402 4844 425 4899 si
444 4843 584 4913 julicatur
604 4842 697 4907 homo,
722 4856 757 4898 ex
780 4855 810 4897 sc
830 4840 881 4894 ha-
932 4848 986 4888 non
1000 4842 1153 4903 arguantur
1163 4847 1246 4901 opera
1258 4828 1500 4900 cjus.›tudicium
1514 4830 1582 4885 dicit
1594 4841 1727 4885 aeternam

54 4937 152 5003 buit,
165 4938 234 5007 quia
255 4952 309 4991 non
327 4935 451 4991 credidit.
931 4925 1146 4991 damnationem,
1158 4923 1231 4993 qnod
1247 4923 1300 4977 erit
1314 4937 1351 4977 no
1363 4936 1549 4993 ncognoscere
1560 4921 1657 4987 Deum
1670 4936 1727 4977 stc-

118 5047 129 5079 ι
148 5028 205 5097 Qui
221 5028 310 5084 credit
324 5028 350 5082 in
366 5042 451 5093 cum,
477 5041 531 5083 non
552 5025 709 5095 judicatum
725 5023 772 5094 qui
788 5032 879 5079 autem
932 5017 970 5072 uti
984 5024 1084 5071 aeterum
1095 5017 1150 5071 rita
1164 5023 1207 5071 est
1218 5030 1384 5086 cognoscere
1404 5030 1478 5069 carm.
1491 5013 1560 5081 Quia
1579 5015 1626 5069 lux
1642 5013 1727 5079 venit,

50 5137 138 5180 non
159 5120 260 5187 credit,
284 5120 340 5191 jam
354 5118 493 5189 judicatus
508 5126 559 5183 est,
583 5116 648 5187 quia
670 5132 725 5171 non
743 5114 830 5169 credit
853 5114 880 5167 in
897 5086 918 5142 Β
936 5105 1170 5163 Verbumscilicet
1184 5108 1318 5171 incarne,
1333 5106 1619 5161 etexcitatetmonet
1638 5103 1728 5160 homi·

51 5212 198 5270 nornine
213 5212 345 5282 unigeniti
362 5209 425 5265 Filii
449 5208 506 5265 Dei.
524 5228 534 5261 ι
557 5207 684 5263 Nondum
697 5206 825 5277 apparuit
836 5204 882 5275 iu·
932 5212 982 5253 nes
1004 5211 1170 5269 cognoscere
1194 5212 1244 5252 sua
1267 5197 1351 5262 mala,
1364 5196 1392 5251 in
1413 5196 1626 5266 quibuscomes
1642 5202 1726 5262 sunt,

46 5306 201 5367 dictum,
216 5306 264 5360 sed
273 5306 331 5376 jam
343 5302 445 5359 tactum
458 5310 509 5358 est,
529 5299 634 5357 «Novit
654 5299 726 5356 enim
748 5297 882 5353 Dominus
933 5288 1056 5358 prolecto
1071 5288 1109 5341 illi
1117 5286 1276 5358 judicantur
1290 5287 1337 5359 qui
1348 5288 1466 5343 oderam
1478 5287 1668 5343 admonentem
1684 5285 1728 5341 ln·

35 5396 118 5469 qni
136 5407 214 5456 sunt
229 5398 290 5468 eJus
301 5395 347 5468 (ll
362 5394 432 5451 Tim.
449 5395 490 5465 ιι).
510 5414 520 5446 ι
536 5392 700 5448 Noritcnlm
715 5392 763 5463 qui
776 5406 884 5461 mama·
934 5394 1004 5446 cem,
1019 5388 1045 5435 ct
1057 5378 1154 5449 lugani
1172 5389 1369 5450 nearguantur
1384 5379 1456 5434 mala
1473 5394 1570 5435 eorum
1587 5392 1649 5448 quae
1661 5382 1727 5431 strat

32 5500 165 5549 meant
180 5492 376 5554 aerumnam,
394 5486 441 5557 qui
455 5486 490 5542 ad
507 5484 657 5541 hammam.
670 5482 752 5539 Norit
773 5483 800 5539 in
818 5497 883 5539 area
934 5472 1071 5545 impietas,
1086 5473 1273 5539 incredulitas,
1290 5473 1384 5529 odium
1396 5482 1505 5527 aeternae
1517 5471 1597 5534 lucis,
1613 5477 1641 5523 et
1654 5466 1727 5521 nolle

27 5594 117 5639 sua
141 5582 288 5648 triticum,
303 5580 378 5634 norit
389 5580 507 5649 paleam,
520 5578 738 5647 noritsegetern.
753 5574 828 5630 norit
841 5572 881 5628 ai·
934 5580 995 5622 eam
1016 5566 1149 5636 aspicere,
1165 5565 1213 5621 sod
1234 5565 1303 5621 velle
1316 5564 1344 5620 in
1359 5562 1479 5619 tenebris
1496 5568 1670 5631 peccatorum
1680 5572 1727 5659 're

23 5674 172 5731 unia.
202 5670 264 5728 lion
279 5684 329 5727 eos
343 5668 489 5727 audimus
510 5668 558 5740 qni
584 5676 683 5739 negatu
701 5667 768 5723 enh
819 5666 881 5721 loco
935 5673 1056 5713 manere.
1070 5655 1170 5728 Utique
1183 5658 1275 5713 omnis
1286 5656 1334 5727 qui
1352 5661 1395 5712 est
1415 5654 1444 5707 in
1456 5650 1608 5707 intentione
1622 5647 1685 5703 mah
1698 5655 1727 5701 et

16 5759 148 5823 diem
162 5760 269 5837 iudicii
285 5760 419 5817 loturam.
445 5759 652 5816 Dicuntenim:
676 5741 705 5813 Si
729 5682 880 5825 saihstin
935 5766 998 5808 curu
1026 5764 1121 5806 anrorc
1151 5749 1239 5822 ipsius
1268 5748 1333 5805 mati
1358 5752 1498 5815 operator,-
1530 5740 1590 5797 odit
1616 5741 1724 5803 lucem,
