4017 6342
262 325 315 399 iss
834 336 999 396 numum
1017 340 1164 397 annuns
1184 340 1212 397 ι.
1234 338 1344 397 sessu
1829 349 1872 409 ns

262 456 371 509 meantia
385 454 491 513 inundo
502 454 586 511 edidit
602 450 781 509 saltatorem.
798 454 919 521 Qualiter
940 456 1036 528 genuit
1048 456 1060 512 i
1074 471 1094 525 ,q
1111 456 1171 513 luce
1186 458 1357 527 apparuisset.
1370 456 1492 527 angelus,
1505 456 1568 527 quir
1582 455 1668 511 solam
1678 454 1784 525 iustitie
1795 460 1872 521 lomet

262 543 333 602 Siue
347 549 429 604 sorde
440 558 467 605 et
480 548 540 604 sine
553 547 657 603 dolore.
669 545 781 615 quausa
797 548 1058 619 errimjanua31ba·
1109 556 1234 603 exortum
1247 547 1277 602 in
1294 546 1412 603 tenebris
1429 545 1585 603 declaravit.

261 632 372 694 lardum
391 640 461 695 uteri
477 638 610 706 introivit,
634 646 662 694 et
684 638 835 695 humanam
851 648 978 696 naturam
991 640 1057 704 tsibi
1143 636 1304 695 Nuntiatum
1319 638 1476 710 pastoribus
1484 648 1536 706 est,
1551 639 1616 709 quia
1629 647 1710 694 natus
1720 643 1812 712 estqui
1823 647 1871 703 aits

261 730 434 801 coniunxit;
458 734 552 789 clausa
571 740 660 804 porta,
686 741 718 788 ut
742 748 861 805 sponsus
875 734 910 791 de
935 734 1058 791 tlalamo
1112 728 1194 801 ‘Ego
1219 746 1281 786 sum
1304 721 1397 800 pastor
1411 730 1502 787 bonus
1526 729 1619 801 (locu.
1643 731 1683 801 ι).
1702 728 1873 799 ιΡιιιιιιιιιι

260 825 409 891 processit.
422 822 479 879 Cur
492 841 590 880 ιιιιιιιι
604 840 714 881 meuses
723 826 835 883 clausus
850 826 902 882 luit
921 828 950 882 in
963 824 1059 883 utero?
1108 821 1235 891 apparuit
1249 821 1371 893 regibus.
1386 822 1451 892 quia
1465 829 1547 877 natns
1565 830 1607 877 est
1620 836 1667 877 res
1681 830 1709 877 et
1727 823 1806 879 stella.
1825 824 1872 887 lies

260 920 294 969 ιι
325 916 452 973 homiues
477 918 629 989 quierant
654 920 742 977 clausi
772 920 801 975 in
832 921 954 977 miseriis
972 921 1057 993 lustjus
1108 913 1171 969 inde
1194 913 1284 971 dietus
1304 922 1356 982 est,
1374 912 1454 969 utibi
1470 930 1507 969 :‹
1536 911 1594 985 Ego
1618 922 1709 969 autem
1733 917 1872 977 constitutus

264 1008 360 1063 ntundi
373 1024 421 1065 seu
436 1008 547 1078 inlerni,
564 1012 707 1069 reduceret
718 1012 753 1068 ad
772 1014 944 1070 consortium
957 1030 1057 1071 novom
1108 1018 1168 1061 ⁵⁰⁰¹
1195 1020 1243 1061 ιιι
1279 1007 1315 1062 ab
1344 1020 1377 1063 eo
1406 1021 1490 1077 super
1516 1005 1583 1061 Sion
1614 1016 1735 1062 montem
1768 1022 1871 1069 nanuum

262 1099 392 1155 ordinum
409 1100 581 1174 angelorum.
604 1101 663 1172 Qua
689 1106 757 1162 bora
782 1116 825 1162 est
839 1106 943 1163 natus?
967 1106 1057 1164 lledia
1108 1096 1195 1167 (Pull-
1211 1098 1252 1169 ¹¹)·
1274 1117 1283 1152 l
1305 1098 1388 1155 Stella
1412 1114 1524 1170 l¹¹⁰ll¹¹0
1539 1098 1605 1171 (ιῑῑιι
1630 1100 1734 1154 ωῑθωι
1758 1102 1825 1158 lieu*
1847 1118 1873 1161 ta

262 1200 352 1259 nocte,
366 1202 397 1249 ut
407 1194 509 1250 dicitur
525 1213 534 1251 ι
553 1214 563 1249 ι
579 1194 650 1251 llum
665 1214 719 1254 nor
732 1197 854 1253 medium
866 1199 918 1254 lter
930 1199 1055 1266 baberet,
1107 1188 1202 1247 hcob·
1217 1189 1314 1248 Μθῐίῑῠ
1332 1192 1427 1263 iisque
1448 1193 1574 1263 inparuit
1599 1190 1758 1263 mimihilt
1773 1202 1798 1249 el
1815 1196 1873 1267 regi-

261 1283 437 1355 omnipoteus
452 1299 544 1342 sermo
561 1295 657 1343 tunsa
686 1287 824 1359 regabbus
849 1288 962 1345 sedibus
982 1288 1057 1344 uenit
1107 1284 1169 1351 bus,
1183 1286 1248 1357 quia
1261 1286 1318 1357 ipse
1340 1292 1400 1342 erat
1422 1299 1471 1341 rex
1498 1292 1526 1340 et
1545 1285 1685 1351 sacerdos,
1712 1294 1742 1341 ιιι
1762 1294 1832 1345 ustus
1848 1290 1876 1347 de

262 1369 340 1444 tSep.
359 1377 466 1448 ιιιι.)ι
492 1375 558 1447 Gur,
570 1378 599 1434 iu
614 1380 718 1435 tructel
737 1378 831 1436 Primo
841 1381 906 1452 quia
930 1381 1055 1439 occultus
1107 1376 1191 1448 regali
1219 1384 1247 1433 el
1272 1375 1434 1433 sacerdotali
1460 1376 1576 1433 semine·
1607 1374 1646 1432 De
1678 1376 1762 1447 reguli
1788 1380 1875 1437 semim

261 1468 348 1534 veuit,
362 1466 460 1524 deinde
473 1478 504 1525 ut
516 1485 565 1527 eos
587 1473 635 1544 qui
650 1472 679 1527 in
693 1482 774 1529 nocte
790 1462 893 1529 er'roris
916 1482 1006 1542 erant,
1021 1474 1055 1530 ad
1106 1471 1171 1543 quia
1182 1471 1216 1527 de
1227 1468 1323 1527 David.
1340 1469 1377 1527 llo
1391 1470 1556 1527 sacerdotali
1572 1484 1683 1541 quoque
1704 1470 1874 1540 probaturus·
1973 1495 1974 1555 3

261 1558 351 1615 irruent
366 1560 489 1618 ueritatis
502 1564 672 1633 perduceret.
688 1564 750 1621 ldeo
761 1565 890 1637 apparuit
900 1564 1055 1641 benignitas
1106 1572 1245 1633 temesae,
1262 1564 1326 1635 qula
1339 1564 1424 1619 llarla
1440 1572 1500 1620 erat
1518 1572 1634 1636 cognata
1646 1562 1780 1619 Elisabeth
1791 1564 1820 1620 de
1830 1582 1875 1637 qua

261 1658 290 1705 ιι
307 1650 467 1709 humanitas
479 1652 632 1714 salvatoris
645 1657 732 1714 nostri
744 1656 803 1714 bei.
1106 1658 1204 1728 legitur
1214 1677 1220 1714 ι
1229 1677 1246 1733 Ιι
1258 1656 1291 1713 Et
1303 1666 1361 1713 erat
1373 1656 1513 1713 Zacharia
1521 1672 1592 1713 uuor
1600 1656 1635 1711 do
1643 1656 1749 1713 llliabns
1757 1658 1843 1725 Aaron,
1852 1668 1876 1715 et

1106 1766 1205 1807 nomen
1218 1751 1278 1821 ejus
1293 1749 1433 1806 Elisabeth
1447 1748 1515 1821 (Luc
1525 1750 1573 1821 ι).ι
1588 1747 1662 1805 Satis
1675 1749 1876 1807 commendabilis
1973 1794 1974 1819 ,

1071 1834 1283 1912 Bestnnntius,
1303 1844 1369 1915 quia
1394 1849 1423 1898 et
1447 1842 1562 1913 angelus
1589 1849 1695 1898 etcum
1714 1844 1874 1915 magnaluoe
1973 1822 1974 1909 b

296 1920 495 1997 Benignitaset
511 1929 669 1987 latumauitas
683 1932 770 1988 nostri
796 1931 948 1989 Salvatoris
971 1948 1055 2005 appa·
1107 1936 1161 1993 Sed
1187 1936 1280 1993 audite
1303 1936 1370 2008 quid
1390 1936 1499 1991 attolit:
1518 1953 1528 1988 ι
1544 1932 1616 1991 Ecce
1639 1934 1794 2007 evangelizo
1812 1936 1876 1992 robis

260 2014 317 2072 ruit
334 2030 444 2089 qunque
463 2036 512 2092 per
534 2032 637 2093 septem
662 2024 791 2096 specialia
805 2026 948 2093 miracula,
970 2025 1055 2082 idest
1104 2027 1233 2101 gandium
1252 2042 1393 2100 magnum,
1408 2046 1419 2080 ι
1436 2036 1489 2084 ιιι.
1689 2088 1717 2097 ,-

258 2122 309 2179 per
336 2110 444 2167 stellam
468 2114 551 2171 ninris
586 2117 774 2191 praefulgidam
807 2117 974 2191 (liutmun),
1004 2132 1055 2189 per
1142 2116 1353 2191 leregaudium
1369 2132 1509 2190 magnum.
1525 2116 1632 2188 Captivi
1648 2116 1809 2185 eramus‚in
1826 2132 1876 2173 ctr-

260 2191 395 2266 circulum
419 2219 534 2262 aureum
547 2209 591 2263 rel
614 2225 795 2281 purpureum,
810 2210 858 2282 qui
874 2212 947 2268 eirea
966 2211 1051 2268 solem
1104 2224 1166 2266 cere
1184 2210 1354 2281 jacebamus,
1368 2219 1395 2266 et
1413 2210 1440 2267 in
1461 2209 1619 2265 inllrmitate
1640 2216 1726 2265 natus
1746 2217 1785 2265 est
1799 2207 1875 2265 Salsa·

259 2292 371 2360 claruit,
394 2297 558 2367 perlontem
585 2300 638 2357 olei
663 2303 710 2373 qui
737 2304 772 2360 de
799 2313 871 2359 terra
885 2304 984 2376 erupit.
1001 2301 1054 2359 Por
1105 2305 1158 2367 lot,
1180 2308 1324 2357 natusest
1347 2301 1481 2356 medicus.
1507 2298 1579 2355 Ecce
1604 2299 1739 2370 gaudium
1760 2314 1876 2369 magnum.

259 2384 410 2442 maximam
434 2404 530 2459 pacem
557 2408 619 2465 qna,
642 2402 709 2451 tuno
728 2394 791 2452 tuit.
815 2394 867 2452 Per
890 2411 1004 2451 censum
1019 2394 1053 2451 ad
1103 2388 1189 2447 llulto
1211 2392 1299 2463 magis
1323 2400 1383 2447 erat
1404 2391 1578 2464 gaudendum
1602 2390 1878 2458 laominibus,eumet

258 2489 341 2546 quern
366 2477 519 2552 descriptus
545 2492 588 2540 est
607 2484 753 2543 uniuersus
778 2486 865 2543 orbis.
892 2486 925 2541 lit
935 2502 985 2557 per
999 2486 1053 2541 boe
1103 2484 1191 2555 angeli
1207 2483 1358 2555 gauderent
1372 2490 1400 2539 et
1420 2484 1543 2540 dicerent
1560 2500 1568 2539 a
1588 2501 1598 2536 ι
1623 2482 1720 2538 Gloria
1737 2482 1764 2539 ιι
1782 2483 1879 2538 ereelm

258 2566 334 2635 quod
350 2570 430 2626 multi
446 2587 561 2630 censum
588 2575 763 2634 bominicum
778 2579 891 2634 reddere
907 2574 1052 2634 recusavi·
1102 2574 1171 2643 beu,
1188 2594 1197 2629 ι
1214 2584 1268 2633 ιιι.
1282 2575 1375 2633 Gloria
1397 2584 1457 2631 erat
1475 2576 1548 2647 apud
1572 2574 1687 2646 angelos
1712 2574 1741 2629 in
1761 2572 1876 2629 excelsis·

259 2666 334 2727 runt,
348 2671 414 2718 sunt
430 2680 486 2720 urm
501 2666 546 2721 dle
560 2668 657 2736 occisi,
669 2678 697 2726 et
710 2685 759 2741 per
771 2671 824 2726 boo
845 2668 919 2740 quud
940 2670 1051 2725 brutum
1103 2666 1141 2725 lle
1157 2670 1357 2726 restauratlone
1372 2668 1500 2725 diminuti
1524 2668 1640 2724 ordinis.
1664 2665 1789 2723 [nudant
1809 2664 1880 2721 llum

258 2750 361 2807 animal
386 2755 553 2827 loquebatur
579 2780 587 2817 :
607 2759 681 2827 Quid
706 2762 800 2834 itaque
820 2762 966 2835 designant
983 2762 1052 2817 ista?
1102 2765 1136 2821 de
1148 2766 1320 2835 reparatione
1335 2764 1477 2820 hominum
1490 2763 1523 2819 ad
1544 2762 1774 2819 restaurationem
1788 2759 1880 2830 angele

258 2838 343 2897 Stella
368 2855 480 2903 sanctus
503 2849 677 2920 significavit.
707 2848 791 2908 Stella
829 2868 895 2924 ergo
919 2852 1051 2924 praeclara
1102 2872 1174 2911 rum.
1189 2854 1222 2912 Et
1240 2856 1398 2913 homlnlbus
1412 2864 1455 2912 est
1470 2870 1533 2927 pax.
1546 2854 1645 2910 Pacem
1660 2854 1795 2910 nuntiarit
1804 2850 1880 2908 barni-

258 2932 358 3004 illuxit,
383 2939 447 3009 quia
477 2938 596 3000 Sanctus
625 2954 783 3002 sanctorum
810 2948 909 3002 uenit!
923 2946 1051 3003 Circulos
1102 2946 1320 3019 nibusquicum
1342 2946 1440 3003 llenet
1458 2946 1652 3019 angelisprius
1671 2942 1880 3003 discordiamla·

257 3028 331 3084 circa
360 3032 447 3087 sulem
473 3033 693 3108 praelulslt‚qula
708 3038 750 3094 sol
772 3038 888 3110 justitie
899 3036 1049 3094 Ecclesiam
1101 3038 1222 3107 buimns,
1245 3040 1292 3096 sed
1317 3054 1366 3109 per
1389 3038 1567 3094 mediatorem
1597 3036 1767 3094 reconciliati
1789 3048 1881 3091 sunus.

257 3132 328 3177 turo
352 3138 410 3179 snae
432 3125 584 3184 diuinitatis
605 3129 764 3199 illustrare,
788 3139 816 3186 ιι
849 3146 969 3201 purpura
993 3146 1050 3187 suae
1102 3128 1135 3185 Et
1148 3130 1213 3201 quia
1228 3129 1366 3200 peccando
1377 3130 1499 3185 extranei
1513 3144 1626 3186 eramus
1641 3144 1658 3183 a
1673 3127 1741 3196 lien,
1756 3136 1882 3184 extraneos

255 3212 397 3283 passionis
413 3230 549 3275 eororrare
564 3221 647 3277 uenit.
663 3222 738 3279 Fons
756 3222 808 3278 olei
824 3223 858 3278 de
872 3231 945 3278 terra
960 3222 1048 3290 lluxlt,
1064 3200 1085 3257 C
1102 3236 1155 3277 nos
1174 3236 1191 3277 a
1212 3236 1263 3277 suo
1279 3222 1447 3291 deputabant
1461 3220 1549 3292 angeli
1564 3218 1717 3276 musarde.
1733 3218 1757 3273 t
1771 3216 1823 3273 beu
1833 3214 1885 3271 uil-

256 3307 323 3379 quia
348 3306 411 3365 lons
428 3312 625 3370 misericordiae
639 3314 672 3370 de
687 3314 793 3387 uirgine
805 3315 935 3369 manauit.
952 3313 1049 3370 Oleum
1100 3313 1254 3385 pendebant
1267 3314 1355 3381 angeli
1372 3313 1508 3380 homines,
1520 3313 1594 3382 quod
1610 3327 1641 3368 se
1666 3312 1703 3367 ab
1724 3312 1766 3367 eis
1788 3306 1882 3365 adorari

255 3398 332 3455 enlm
342 3410 385 3457 est
395 3403 593 3460 misericordia.
608 3404 665 3461 Pax
687 3405 783 3476 ingens
794 3406 907 3473 exstitit,
921 3405 985 3477 qula
996 3420 1048 3475 pax
1101 3405 1302 3477 permittebant.
1315 3404 1383 3462 llinc
1393 3414 1435 3463 est
1445 3406 1518 3475 quod
1532 3405 1645 3477 angelos
1657 3402 1712 3459 Lot
1723 3414 1752 3460 et
1763 3401 1884 3457 Abrabam

256 3500 321 3545 tere
332 3489 361 3545 iu
379 3492 604 3564 terrisapparuit.
620 3494 738 3550 blundus
761 3496 796 3550 ad
811 3510 926 3551 censum
940 3504 983 3552 ιιι
999 3494 1050 3551 de·
1101 3497 1215 3551 adorant
1228 3494 1305 3567 (Gen.
1317 3496 1387 3567 ιιι),
1401 3510 1452 3551 nec
1464 3496 1515 3567 ipsi
1529 3494 1711 3566 pmltlbeutur
1723 3502 1786 3551 ante
1795 3490 1884 3549 Christi

257 3580 388 3650 scriptus,
400 3583 464 3653 qula
475 3584 509 3640 ad
522 3600 670 3655 supernum
679 3602 790 3658 regnum
801 3602 887 3659 genus
897 3588 1048 3642 humanum
1101 3586 1257 3643 adrentum.
1277 3585 1331 3642 Sed
1356 3594 1422 3642 arato
1445 3586 1562 3641 llomiuo
1587 3600 1652 3643 ottm
1676 3584 1797 3643 ιοιιιιιι
1816 3582 1887 3639 veltet

255 3670 675 3743 estclrrismateconsiguatum.
690 3675 741 3742 Qui
754 3676 926 3731 llomiuieurn
936 3690 1049 3733 censum
1101 3678 1217 3733 adorare
1245 3678 1356 3748 angelos
1372 3678 1400 3733 in
1421 3676 1588 3749 apocalypsi,
1607 3678 1636 3733 id
1662 3684 1708 3733 ιιι
1727 3676 1836 3749 augelus
1857 3686 1887 3727 ιι

255 3760 372 3817 reddere
386 3773 549 3821 recusarunt
565 3766 648 3823 occisi
665 3777 739 3835 sunt,
754 3769 818 3840 qnia
831 3769 878 3838 qui
895 3769 1024 3824 dixerunt
1041 3786 1047 3823 :
1102 3784 1132 3825 so
1143 3768 1240 3825 delteat
1254 3770 1369 3825 adorare
1385 3770 1555 3841 compescuit
1565 3770 1682 3826 dicens:
1701 3790 1711 3824 ι
1726 3770 1795 3827 Vide
1808 3784 1839 3824 ue
1851 3765 1886 3823 le·

259 3852 415 3914 sllolumus
428 3872 543 3927 regnare
552 3860 626 3916 hune
637 3874 720 3931 super
731 3876 782 3917 nos
795 3860 872 3933 (Luc.
886 3861 956 3931 ιιι),
968 3881 978 3913 ι
988 3860 1050 3917 dis··
1101 3862 1171 3918 ceris
1186 3876 1355 3919 :coraserrus
1374 3863 1448 3917 enlm
1463 3872 1528 3919 tuus
1541 3870 1645 3918 sumet
1660 3861 1778 3920 lratmm
1790 3872 1887 3918 tuorum

254 3947 409 4018 perierunt.
420 3948 508 4008 Pecus
520 3951 693 4024 loquebatur,
713 3955 777 4026 quia
791 3955 909 4026 pupulus
926 3955 1048 4027 gentium
1101 3952 1194 4025 (Aper.
1211 3952 1278 4024 ιιι).
1299 3972 1308 4005 ι
1323 3950 1404 4008 Prius
1427 3961 1553 4009 naturam
1569 3953 1719 4009 humanam
1735 3951 1890 4023 despiciunt

255 4040 289 4095 td
305 4038 413 4097 laudem
429 4041 478 4098 Dei
490 4046 710 4102 cernuertebatur.
726 4046 860 4117 Apparuit
873 4055 901 4102 ιι
927 4048 985 4102 baec
1000 4060 1047 4101 na·
1100 4045 1200 4116 angeli,
1226 4050 1257 4100 ιι
1279 4042 1456 4111 inferiorem,
1479 4045 1529 4101 sed
1553 4053 1703 4117 postquam
1730 4061 1794 4102 eam
1817 4055 1890 4111 super

255 4134 346 4191 tiuitas
361 4136 448 4193 nostri
463 4136 624 4206 Salvatoris‚
645 4140 703 4196 siue
715 4141 833 4196 revelata
849 4151 892 4196 est
903 4156 953 4211 per
966 4154 1050 4209 ange·
1100 4152 1130 4195 se
1152 4144 1323 4207 assumptam
1352 4136 1536 4207 conspiciunt,
1557 4146 1728 4208 prostratam
1744 4132 1889 4194 sibluidem

253 4227 296 4283 los
306 4228 474 4299 pastoribus.
486 4229 649 4289 Audivimus
669 4233 741 4288 enirn
759 4232 787 4289 in
802 4232 959 4305 Evangelio,
975 4235 1049 4304 quod
1100 4231 1307 4300 pertimescunt,
1330 4244 1383 4285 ιιι
1407 4230 1585 4301 dedignantes
1610 4230 1755 4287 bominem
1782 4228 1889 4291 sotium,

253 4329 380 4391 pastores
406 4331 486 4378 eraut
502 4323 531 4378 in
544 4323 657 4395 regione
672 4324 768 4380 eadem
784 4324 928 4396 vigilantes
939 4333 967 4381 et
985 4340 1049 4381 cus·
1100 4322 1147 4393 qui
1160 4338 1243 4392 super
1253 4338 1282 4378 se
1292 4322 1408 4377 adorant
1418 4322 1557 4377 bominem
1569 4320 1667 4379 Deum.
1683 4322 1742 4378 Pas
1757 4320 1890 4377 nuntiatur

253 4413 388 4470 todientes
410 4414 517 4487 vigilias
542 4417 631 4473 noetis
657 4432 740 4487 supra
754 4432 863 4489 gregem
879 4432 972 4473 suum.
991 4436 1001 4469 r
1017 4416 1050 4473 lit
1101 4415 1267 4481 homnibus,
1292 4416 1340 4471 sed
1364 4430 1418 4471 tion
1441 4414 1571 4471 omatibus
1586 4415 1760 4481 bominibus,
1774 4414 1820 4469 scd
1835 4420 1892 4465 taa-

253 4520 318 4563 eeos
341 4508 456 4579 angelus
469 4508 578 4564 llomini
596 4510 671 4565 stetit
682 4508 761 4579 juxta
780 4511 857 4579 illos;
884 4518 912 4567 ιι
935 4512 1047 4567 claritas
1062 4546 1084 4601 D
1100 4514 1158 4560 lum
1176 4506 1333 4562 bominibus
1351 4506 1430 4561 nonae
1442 4506 1601 4562 voluntatis.
1622 4506 1703 4561 Ausi
1719 4499 1891 4563 diceremini

253 4597 301 4653 llei
315 4599 498 4657 circumfulsit
521 4602 592 4668 illos,
608 4612 635 4658 ιι
658 4604 808 4659 timuerunt
823 4604 920 4660 timore
934 4619 1044 4677 magno.
1098 4612 1128 4655 se
1142 4597 1198 4654 lleo
1221 4600 1446 4666 reconciliabunt,
1461 4599 1508 4669 qui
1532 4599 1634 4653 babent
1648 4599 1752 4654 bonam
1773 4597 1895 4653 reuluuta-

526 1806 628 1850 alvisio
647 1809 787 1853 sessoris.

253 4690 286 4745 lit
297 4690 367 4746 dixit
380 4691 434 4748 illis
448 4693 571 4765 angelus.
585 4692 674 4751 Nolite
684 4695 791 4761 timere,
803 4710 867 4751 ecce
879 4695 954 4750 euim
966 4710 1048 4751 evau-
1097 4700 1151 4747 tem
1174 4693 1375 4750 reconciliandi.
1399 4691 1446 4747 llle
1462 4706 1527 4747 uero
1553 4690 1636 4747 babet
1662 4692 1834 4747 uoluntatem
1854 4704 1894 4743 re·

252 4780 340 4853 gelizo
363 4782 442 4839 nobis
475 4784 605 4856 gaudium
632 4801 763 4857 magnum
787 4786 862 4857 quod
890 4786 943 4841 erit
970 4786 1047 4842 omni
1096 4782 1260 4839 conciliandi
1273 4784 1320 4855 qul
1340 4798 1370 4839 se
1388 4784 1482 4839 subdit
1495 4782 1630 4847 Creatori,
1647 4800 1698 4839 uec
1713 4784 1784 4839 lauit
1797 4780 1897 4852 aliquid

251 4874 365 4945 populo,
391 4875 457 4946 qnia
485 4887 566 4933 uatus
592 4887 635 4934 est
655 4879 735 4935 nobis
758 4878 897 4946 Salvator,
922 4880 969 4951 qul
1003 4887 1047 4935 est
1096 4878 1263 4933 constrarium
1289 4876 1350 4947 ejus
1377 4876 1520 4932 voluntati.
1554 4874 1711 4932 Notandum
1737 4886 1788 4933 est
1815 4887 1897 4945 quam

251 4964 381 5024 Glrris'us
398 4966 543 5039 Dominus,
554 4971 581 5026 in
597 4970 815 5036 civitatensem,
832 4971 912 5027 idest
922 4972 949 5037 ln
963 4970 1047 5027 Belb-
1095 4971 1196 5028 dixerit
1210 4971 1289 5029 bonae
1301 4971 1460 5039 uoluntatis,
1477 4978 1505 5027 et
1524 4986 1579 5027 non
1594 4972 1723 5036 actionis,
1737 4970 1812 5041 qnia
1825 4966 1899 5025 suill-

252 5056 333 5114 leem.
365 5059 399 5114 Et
418 5059 472 5116 boc
486 5061 564 5117 uobis
585 5062 695 5135 signum
715 5082 722 5119 :
746 5062 894 5118 lnueuietls
911 5060 1046 5122 infantem
1096 5062 1135 5119 eit
1150 5064 1222 5118 bona
1242 5063 1379 5126 uoluntas,
1396 5062 1478 5117 etlam
1500 5060 1524 5117 si
1536 5062 1609 5117 desit
1619 5060 1796 5131 operationis
1814 5054 1900 5115 lucul-

251 5150 351 5220 panuis
366 5150 529 5219 inuolutum,
541 5162 568 5209 et
582 5154 703 5224 positum
716 5153 745 5210 iu
759 5154 901 5224 presepio.
913 5151 946 5209 Et
954 5153 1050 5219 sabim.
1096 5164 1150 5221 tas,
1166 5152 1260 5225 ltaque
1274 5155 1346 5210 bona
1358 5154 1486 5210 voluntas
1507 5153 1579 5210 valet
1601 5154 1705 5223 aliquid
1719 5151 1789 5207 sine
1804 5161 1902 5221 opera·

252 5240 325 5299 iacta
344 5253 387 5300 est
408 5259 473 5301 enm
499 5246 597 5317 angelo
623 5246 772 5302 narrltitudo
800 5246 905 5303 militie
925 5247 1046 5303 cmlestis
1096 5250 1181 5316 tinne
1193 5248 1265 5303 bona
1277 5248 1400 5318 operatio
1419 5262 1560 5318 nunquam
1582 5246 1726 5303 sinebam
1741 5243 1899 5299 voluntate.

251 5335 388 5394 exercitus
399 5337 569 5393 laudantium
578 5339 762 5394 etdicentium
773 5358 779 5394 :
792 5358 801 5390 ι
812 5339 904 5395 Gloria
916 5340 944 5394 in
953 5339 1046 5395 excel·
1096 5338 1264 5410 blaluitmgo
1279 5338 1371 5393 dicere
1384 5338 1463 5393 borrae
1481 5336 1642 5403 uoluntatis,
1657 5333 1728 5407 quud
1746 5344 1904 5391 commune

251 5430 292 5486 sis
310 5428 365 5486 neo
380 5439 407 5487 et
420 5430 448 5485 in
469 5439 607 5501 terrapas
627 5432 878 5489 lrousinibusbonae
896 5430 1046 5487 voluntatis
1096 5444 1139 5491 est
1162 5434 1191 5488 in
1214 5432 1342 5489 omnibus
1362 5430 1483 5487 salvatis.
1507 5427 1695 5494 Ostetmlrsus,
1710 5426 1821 5482 iratres
1837 5424 1903 5479 ebs·

253 5520 330 5593 (sue.
346 5524 389 5594 ιι).
409 5543 419 5575 ι
438 5522 495 5579 llnc
509 5525 650 5582 audientes
666 5536 790 5597 pastores
804 5536 940 5584 uenerunt
956 5542 1045 5598 usque
1096 5526 1209 5594 cissimi,
1232 5524 1310 5581 uobis
1339 5522 1478 5593 quomodo
1514 5521 1642 5593 apperuit
1672 5518 1856 5589 benignitas,
1880 5521 1907 5569 et

250 5616 422 5687 bethlehem,
432 5620 633 5691 etinvenerunt
642 5620 712 5687 sieut
725 5620 813 5677 luerat
824 5622 970 5679 dietumad
983 5621 1045 5678 illos
1096 5617 1263 5682 immanitas,
1280 5624 1345 5682 eto,
1362 5615 1407 5672 scd
1419 5628 1473 5668 nou
1484 5620 1525 5670 ιιι
1539 5612 1663 5669 silendus
1677 5610 1750 5667 ordo.
1759 5608 1834 5679 ejus
1849 5606 1907 5677 glo·

249 5720 301 5782 per
330 5713 467 5782 angelum.
499 5709 596 5765 llerito
627 5712 740 5782 angelus
767 5712 825 5769 baec
860 5712 1044 5781 annuntiavit,
1095 5694 1910 5773 riostenativitatis.Praedictuseratejusadrentusmultis

252 5803 318 5881 quia
343 5818 392 5861 ιιι
414 5802 575 5873 angelorum
609 5812 690 5862 uatus
713 5815 785 5876 erat,
810 5814 918 5863 utcum
945 5822 1043 5880 magna
1097 5816 1158 5864 ante
1183 5802 1362 5877 temporibus,
1383 5818 1397 5857 a
1419 5800 1557 5872 prophetis
1578 5799 1762 5871 praesignatus
1790 5804 1859 5851 erat
1880 5790 1909 5843 ιιι
