4017 6342
790 261 1004 378 Μἑιιιιειιι
1021 322 1169 380 anesus
1189 324 1218 380 s.
1242 323 1351 380 suasu

624 491 967 626 oolsslllea
1002 537 1228 633 necrus
1264 538 1519 636 oculus.

882 723 1080 794 Secundum
1095 730 1292 794 blattbaenm.

293 909 499 962 «Accesserant
516 903 550 958 ab
563 899 654 956 lesum
668 869 835 947 sadducae'u
859 895 891 945 et
904 891 1060 967 interroga·
1074 901 1098 956 tt
1111 911 1175 966 ergo
1194 893 1278 951 llovid
1294 898 1321 952 in
1348 897 1418 954 libro
1442 895 1625 953 Psalmorum
1648 902 1728 950 rorat
1742 909 1801 952 eum
1821 895 1896 959 llomi·

256 1001 294 1055 rit
307 1015 370 1054 eum
383 1013 500 1054 unusex
512 997 564 1056 eis.
586 1000 695 1047 tentans
717 988 804 1036 eum:
821 971 973 1054 Magister,
989 989 1062 1044 ouod
1115 1004 1193 1056 nram,
1213 989 1308 1046 dicens
1322 1009 1330 1046 ι
1345 988 1419 1046 Dixit
1441 988 1585 1046 Dominus
1604 985 1725 1043 uomina
1741 1003 1819 1046 meo:
1841 991 1895 1050 Sede

257 1098 301 1144 est
315 1089 474 1143 mandatum
488 1100 617 1157 magnum
631 1099 659 1137 m
671 1073 749 1150 legal
769 1086 778 1122 ι
796 1076 854 1129 etc.
870 1076 983 1148 (blattis
1002 1079 1062 1150 bb.)
1115 1093 1130 1133 a
1145 1079 1248 1134 destris
1264 1081 1343 1148 meis,
1358 1079 1446 1136 donec
1462 1095 1569 1153 ponam
1588 1077 1722 1134 inimicos
1733 1084 1793 1136 loos
1807 1082 1894 1137 scabel-

147 1176 155 1190 “
259 1178 383 1235 Primum
396 1178 520 1233 omnium
534 1193 590 1232 non
606 1190 656 1246 pro
668 1169 777 1232 ordine,
799 1168 852 1224 sed
864 1187 915 1242 pro
929 1171 1063 1244 dignitate
1114 1169 1170 1226 lum
1186 1171 1283 1240 pediam
1296 1172 1429 1227 tuorum?
1445 1195 1454 1224 ι

260 1269 384 1340 intellige
417 1269 533 1334 dietum,
553 1267 580 1322 id
604 1276 648 1322 est
672 1261 826 1319 roariruum
852 1265 988 1331 omnium,
1004 1265 1062 1319 siue
1148 1261 1222 1320 lstud
1243 1265 1332 1320 dicere
1351 1264 1461 1320 Domini
1491 1263 1615 1320 bomine
1644 1269 1688 1318 est
1714 1264 1837 1334 aequalem
1852 1265 1895 1324 sbi

259 1363 393 1432 primum,
411 1362 478 1432 qula
489 1369 553 1417 ante
578 1359 669 1415 omnia
697 1356 831 1412 debemus
857 1357 955 1412 intimo
981 1356 1062 1412 eorde
1113 1367 1244 1424 gerrerare
1258 1355 1366 1410 Filium.
1380 1355 1498 1411 Donrino
1515 1371 1588 1410 uteo.
1602 1354 1672 1410 dicit
1683 1352 1776 1422 Dauid,
1800 1371 1847 1410 nou
1859 1373 1894 1414 se·

263 1453 367 1524 singull
384 1453 465 1522 quasi
485 1452 599 1507 unicum
612 1451 722 1522 pietatis
737 1446 946 1504 luridameutum
959 1449 1061 1505 locare.
1113 1449 1233 1502 citimum
1253 1447 1326 1518 quod
1341 1447 1513 1504 decanatus
1535 1455 1590 1514 est,
1611 1447 1662 1503 sed
1678 1447 1893 1520 secundumquod

262 1543 469 1617 Ergoprimum
486 1546 611 1600 omnium
628 1543 822 1599 ctmaalmum
838 1541 997 1596 mandatum
1021 1549 1063 1596 est
1113 1537 1146 1592 de
1157 1536 1238 1592 Patre
1253 1553 1361 1608 semper
1376 1537 1438 1593 soit.
1461 1539 1540 1606 Quod
1569 1546 1665 1594 arrtem
1694 1536 1894 1612 aPatmsobji-

265 1636 475 1707 cognitioatqoe
485 1634 625 1691 eonlcssio
634 1634 734 1690 dirime
744 1631 858 1688 unitatis
872 1647 935 1686 eum
947 1645 1062 1687 casecu·
1113 1629 1223 1686 ciuntur
1236 1631 1350 1698 inimici,
1362 1630 1420 1688 sive
1434 1632 1559 1687 volentes
1572 1632 1632 1687 sire
1647 1630 1777 1698 nolentes,
1793 1649 1842 1688 non
1853 1635 1893 1688 in·

264 1725 342 1782 donc
353 1727 433 1783 bona
445 1727 623 1797 operationis.
652 1724 727 1780 Bona
740 1735 832 1778 autem
854 1723 978 1792 operatio
991 1721 1061 1776 dile·
1114 1723 1270 1778 llrmitatem
1288 1721 1362 1790 Filii,
1376 1725 1422 1780 sed
1439 1724 1572 1779 unitatem
1586 1734 1694 1780 nalurae
1713 1741 1764 1794 apua
1779 1726 1803 1779 iu
1817 1727 1892 1782 altero

264 1819 357 1874 ctione
380 1818 428 1874 Dei
455 1830 483 1875 et
514 1819 632 1891 proximi
658 1817 809 1888 perbeitur.
837 1815 915 1884 Quod
943 1815 1063 1872 breviter
1114 1813 1320 1884 alteroperatur
1334 1815 1479 1886 significan
1496 1831 1559 1871 nanu
1575 1825 1604 1870 et
1618 1815 1706 1871 Filius
1725 1815 1829 1886 subjicit
1843 1818 1891 1872 lni-

264 1909 328 1964 aliis
338 1910 428 1966 verbis
441 1909 617 1964 commendat
626 1907 775 1979 Apostolus
788 1907 884 1963 diceus
897 1926 904 1961 z
917 1924 926 1959 ι
940 1906 970 1962 lu
981 1906 1062 1962 Chri·
1114 1905 1201 1960 mieos
1211 1905 1298 1972 Patri,
1321 1906 1384 1976 quia
1396 1904 1506 1961 Patrem
1531 1907 1667 1962 clarificat
1691 1922 1774 1976 super
1794 1916 1886 1962 terram

264 1999 395 2054 stoeoim
409 1996 473 2054 lesu
493 2015 582 2070 neque
607 1998 786 2054 circumcisio
801 1997 905 2068 aliquid
915 1995 998 2064 ualet,
1014 2012 1063 2054 ue-
1115 1995 1161 2054 Sie
1174 1999 1353 2070 interrogatio
1367 1996 1431 2054 Jesu
1454 1999 1535 2054 nobis
1554 1999 1665 2070 prolicit
1680 2009 1775 2056 eontra
1787 1996 1887 2055 Judaeos.

263 2105 320 2162 que
332 2091 508 2161 trimontium,
524 2091 573 2147 sed
587 2091 653 2147 lldcs
666 2105 728 2162 qum
740 2090 975 2162 perdilectionem
992 2103 1061 2160 ope·
1113 2087 1127 2146 J
1129 2091 1199 2170 udaei
1217 2099 1308 2146 autem
1333 2089 1431 2146 friuola
1454 2091 1540 2145 multa
1563 2091 1726 2162 corillnguot
1754 2099 1888 2146 asserentes

265 2191 346 2238 ratur
363 2181 437 2254 (Gal.
453 2183 492 2252 u).
515 2201 525 2236 ι
1114 2181 1294 2237 centesimum
1309 2198 1411 2238 nonum
1427 2181 1575 2252 psalmum,
1604 2183 1739 2253 scriptum
1768 2183 1794 2237 in
1812 2197 1888 2253 perso·

304 2271 429 2331 Ostendit
442 2291 477 2330 ex
491 2276 544 2330 lmc
558 2276 737 2346 responsione
751 2273 855 2330 scribae
865 2289 976 2347 grauem
990 2287 1062 2344 saepe
1077 2276 1099 2330 B
1113 2289 1147 2328 na
1171 2271 1274 2328 Elierer
1302 2271 1349 2328 lilii
1373 2271 1511 2328 vernaculi
1529 2271 1661 2340 Abrabae,
1689 2273 1841 2327 revertentis
1859 2273 1887 2328 de

263 2365 338 2422 inter
357 2365 468 2424 Scribas
484 2377 512 2424 et
524 2367 678 2426 Pbarisaeos
690 2369 870 2440 gerenonem
893 2383 954 2422 esse
967 2382 1063 2422 uersa·
1114 2363 1186 2418 caede
1208 2363 1330 2433 quinque
1345 2379 1466 2433 regum:
1498 2362 1570 2418 Sede
1588 2374 1623 2417 ac
1648 2362 1789 2418 dexteram
1804 2379 1886 2418 meam.

265 2467 324 2512 um
339 2459 412 2528 qnod
434 2469 506 2516 esset
521 2460 680 2516 mandatum
692 2460 811 2530 primum
835 2459 893 2514 sire
911 2459 1062 2513 maximum
1116 2453 1168 2510 Sed
1185 2455 1325 2525 sequentia
1340 2455 1438 2524 psalmi
1455 2470 1510 2508 non
1527 2445 1561 2509 ad
1585 2455 1637 2510 boe
1650 2453 1824 2509 curreordant.
1846 2453 1888 2510 lle·

265 2547 367 2605 divinae
378 2550 455 2620 legis,
478 2549 643 2619 quibusdam
655 2549 782 2606 videlicet
801 2550 907 2605 bestias
925 2558 953 2604 et
973 2548 1062 2604 sacri·
1114 2555 1157 2602 cte
1182 2547 1273 2616 itaque
1301 2547 1457 2616 opponitur,
1487 2563 1541 2602 non
1564 2547 1629 2618 quia
1644 2545 1794 2614 Christum,
1819 2563 1887 2617 quem

264 2647 329 2702 lleia
343 2647 531 2714 laudantibus,
546 2649 609 2704 aliis
622 2663 688 2704 rere
702 2647 807 2718 maiore
822 2648 986 2703 auctoritate
997 2646 1061 2702 lidel
1114 2639 1279 2695 cantitentur
1292 2653 1352 2694 esso
1368 2649 1524 2707 veniturum,
1538 2639 1622 2696 bario
1639 2642 1725 2695 lilium
1738 2641 1835 2706 dieunt,
1849 2641 1886 2696 sed

266 2752 297 2797 ‘a
310 2738 560 2813 diteeuonigopem
573 2741 793 2813 praeferentibus,
805 2757 839 2798 ρο
856 2741 930 2813 quod
948 2740 1061 2812 plurimi
1114 2731 1178 2802 quia
1203 2729 1363 2801 simpliciter
1384 2729 1524 2786 bominem
1540 2740 1568 2786 et
1583 2747 1638 2786 tion
1658 2731 1707 2788 eei
1729 2731 1823 2788 Filium
1839 2749 1888 2789 cre·

269 2843 381 2903 patrum
396 2842 460 2890 ante
477 2834 564 2904 legem
588 2834 692 2905 absque
709 2835 833 2890 omnium
845 2833 1020 2889 victimarum
1035 2840 1063 2888 et
1114 2823 1190 2878 dubl·

265 2923 466 2980 sacrillciorum
478 2926 677 2981 consuetudine
690 2940 723 2981 ex
739 2925 791 2980 lide
806 2933 925 2992 tantum,
937 2939 999 2995 quae
1013 2937 1062 2992 per
1153 2934 1162 2967 ι
1181 2913 1210 2970 Si
1235 2930 1301 2986 “8⁰
1312 2914 1397 2971 David
1412 2917 1439 2971 5¹¹
1454 2917 1551 2988 spirito
1571 2927 1651 2974 *⁰⁰²²
1671 2933 1733 2973 0⁰⁰¹
1746 2917 1887 2982 ”Wlfflin
1980 2911 1981 2916 ἵ

267 3015 443 3072 dilectionem
467 3026 608 3088 operatur,
639 3019 779 3088 placerent
806 3016 872 3085 Der),
904 3017 1062 3086 summique
1114 3006 1253 3076 quomodo
1268 3007 1340 3062 filius
1362 3008 1423 3078 ejus
1438 3008 1496 3064 081?
1523 3007 1557 3064 El
1580 3024 1662 3063 nenio
1688 3016 1786 3078 ρθιθῐῦι
1805 3006 1828 3060 ΒῘ
1850 3022 1891 3060 l'e·
1980 3069 1981 3072 Ἴ

267 3109 341 3181 ,pud
353 3110 443 3181 ipsum
457 3112 509 3167 1001
528 3111 707 3166 haberentur,
724 3109 811 3166 Nemo
830 3119 922 3166 autem
938 3124 1060 3180 unquam
1114 3099 1249 3171 spondere
1266 3101 1391 3166 verbum,
1421 3116 1509 3172 neque
1529 3116 1615 3156 ausus
1639 3100 1688 3154 luit
1708 3101 1843 3170 quisquam
1858 3113 1890 3152 ex

266 3203 373 3274 absque
397 3203 450 3258 llde
465 3219 498 3259 ac
512 3203 660 3260 dilectione
681 3218 730 3274 per
745 3203 904 3258 holocausta
930 3202 1020 3257 solum
1034 3209 1062 3256 ct
1113 3195 1158 3250 illa
1172 3195 1215 3251 die
1227 3212 1288 3251 eum
1303 3199 1421 3269 amplius
1436 3197 1616 3270 interrogare.
1633 3195 1720 3264 »Quia
1732 3193 1891 3251 insermoni-

266 3295 402 3350 sacrillcia
417 3295 473 3351 lico
484 3297 623 3366 placuisse
638 3296 788 3352 inuenitur.
802 3293 832 3348 ln
853 3308 908 3364 qua
924 3293 1060 3348 sententia
1112 3287 1165 3345 bos
1178 3289 1365 3360 conletemur,
1380 3291 1451 3345 ultra
1478 3307 1533 3346 non
1546 3291 1725 3362 interrogant,
1745 3288 1790 3344 sed
1809 3301 1890 3358 aperte
1979 3289 1980 3314 ³

267 3386 365 3442 Scriba
378 3387 430 3444 iste
443 3387 526 3444 etiam
541 3405 571 3444 se
583 3387 669 3444 luisse
681 3386 838 3444 declarante
1115 3381 1342 3452 comprehensum
1365 3382 1492 3453 potestati
1520 3382 1634 3438 tradunt
1658 3379 1795 3436 floriana.
1824 3376 1889 3432 b'ndc

306 3496 316 3531 ι
336 3479 383 3534 Ab
402 3479 440 3535 illi
464 3477 568 3536 lesus:
595 3480 698 3551 Diliges
709 3479 856 3534 Dominum
869 3477 955 3534 Mum
980 3485 1060 3534 tuum
1112 3483 1186 3544 patet
1201 3490 1304 3530 nenena
1329 3475 1439 3531 iuuidiae
1460 3475 1585 3546 superari
1612 3490 1706 3546 posse,
1729 3473 1775 3529 sed
1797 3470 1890 3528 dillieile

266 3586 301 3626 ex
316 3578 376 3627 toto
401 3572 484 3627 eorde
498 3582 557 3638 tue,
569 3582 596 3627 et
607 3570 636 3626 in
664 3580 721 3626 tota
735 3571 827 3626 aniana
848 3581 906 3638 tua,
920 3570 987 3626 etin
1003 3579 1059 3626 tota
1075 3609 1097 3669 C
1115 3581 1268 3640 quiescere.

264 3669 427 3719 mentetua
444 3662 555 3720 llocest
578 3664 731 3720 marimum
755 3670 783 3718 et
807 3663 927 3734 primum
945 3662 1061 3718 manda·
1409 3657 1447 3716 De
1463 3661 1604 3716 alacritate.

265 3763 337 3809 tum.
352 3752 510 3810 &eundum
524 3766 615 3813 autem
628 3756 718 3812 simile
728 3765 770 3812 est
783 3756 867 3826 bule:
879 3754 981 3827 Diliges
995 3770 1062 3827 pro·
1150 3747 1291 3806 Geminam
1303 3751 1383 3807 nobis
1398 3753 1541 3824 Scriptura
1557 3768 1637 3808 sacra
1654 3754 1814 3808 charitatem
1825 3766 1889 3806 eom·
1978 3811 1979 3838 i

265 3845 374 3901 ximum
392 3856 469 3902 tuum
490 3847 563 3904 sicut
580 3848 723 3918 teipsum.
746 3847 776 3903 ln
789 3848 834 3904 bis
855 3847 964 3906 duobus
984 3863 1062 3902 man·
1113 3845 1239 3912 mandat,
1257 3843 1302 3900 Dei
1314 3845 1440 3902 uidelicet
1464 3856 1493 3904 et
1514 3847 1643 3918 proximi.
1664 3846 1827 3904 Clraritatem
1841 3844 1888 3908 bei,

260 3939 339 3996 datis
356 3946 412 3995 tota
427 3940 471 3995 lex
492 3941 591 4011 pendet
605 3948 632 3995 et
644 3941 792 4012 propbeta.
816 3961 826 3992 a
1113 3944 1145 3990 ot
1164 3935 1203 3990 sic
1227 3936 1316 4006 ipsum
1334 3936 1492 4008 diligamus,
1519 3949 1549 3994 ιιι
1580 3938 1607 3994 io
1635 3941 1695 4010 ipso
1723 3939 1888 4012 gaudeamus:

258 4071 263 4078 .
302 4029 399 4086 Totam
415 4031 635 4102 magnitudinem
663 4039 691 4088 et
708 4031 882 4088 latitudinem
904 4032 1060 4088 divinorum

263 4124 438 4194 eloquiorum
453 4139 550 4180 secura
561 4125 684 4195 possidet
697 4124 828 4190 ebaritas,
845 4139 900 4194 qua
912 4122 1060 4180 Dominum

263 4215 479 4286 proximumque
494 4216 651 4287 diligamus.
678 4215 760 4272 Docet
774 4216 850 4273 euim
866 4231 917 4272 nos
939 4217 1061 4272 coelestis

264 4321 339 4363 rinus
351 4308 482 4379 magister
499 4318 527 4364 et
544 4308 613 4364 dicit
631 4328 638 4363 :
657 4327 666 4360 ι
691 4307 792 4381 Diliges
810 4307 957 4364 Dominum
973 4309 1059 4365 Deum

266 4408 389 4454 tuumex
401 4399 549 4456 totocorde
568 4409 626 4468 tuo,
648 4419 657 4453 ι
672 4410 725 4456 etc.
735 4400 942 4473 (austrannus.)
957 4401 986 4456 Si
996 4418 1062 4474 ergo

1113 4029 1272 4084 charitatem
1290 4030 1417 4100 proximi,
1434 4040 1464 4086 ut
1481 4031 1521 4088 sie
1530 4033 1619 4102 ipsum
1639 4031 1796 4104 diligamus,
1807 4040 1835 4083 ut
1846 4043 1889 4083 noo

1114 4118 1142 4174 in
1163 4119 1232 4190 ipso,
1248 4121 1295 4176 sed
1310 4136 1373 4176 cum
1388 4121 1446 4193 ipso
1462 4123 1489 4176 in
1506 4121 1561 4179 Deo
1577 4123 1748 4196 gaudeamus
1766 4143 1772 4180 :
1794 4123 1842 4178 boc
1857 4129 1889 4175 est

1113 4221 1143 4267 ut
1157 4210 1241 4266 Deum
1253 4212 1400 4284 diligamus
1416 4223 1529 4285 propter
1541 4231 1569 4272 se
1580 4216 1682 4286 ipsum,
1694 4216 1844 4287 proximum
1851 4229 1887 4266 au·
1977 4201 1978 4240 3

1113 4313 1168 4360 tem
1197 4315 1309 4375 propter
1328 4304 1425 4362 Deum.
1454 4305 1527 4362 Deus
1547 4317 1639 4363 autem
1669 4309 1775 4364 idcireo
1799 4315 1888 4378 proptu
1977 4297 1978 4300 ’

1114 4396 1246 4464 seipsum
1263 4395 1419 4468 diligendus
1442 4406 1494 4465 est,
1524 4399 1589 4470 quia
1604 4399 1663 4469 ipse
1678 4407 1721 4454 est
1742 4400 1837 4454 bonum
1849 4411 1888 4450 no·

264 4505 323 4546 non
339 4500 419 4548 vacat
433 4507 530 4548 omnes
543 4493 658 4563 paginas
673 4503 781 4550 sanetas
807 4495 986 4563 perscrutari,
1000 4511 1062 4550 om·
1114 4499 1219 4556 strum3
1244 4491 1387 4560 proximus
1412 4499 1503 4546 autem
1531 4491 1592 4546 ideo
1607 4502 1721 4562 propter
1746 4491 1827 4546 Deum
1840 4487 1888 4544 dill-

265 4585 312 4639 nla
328 4584 358 4638 iu
385 4585 525 4639 uolumine
541 4600 716 4653 sermonum,
745 4587 819 4657 quod
841 4588 964 4644 uoluitur
983 4590 1060 4643 ενοι.
1115 4582 1231 4652 gelidus,
1245 4582 1310 4653 qrrla
1331 4598 1392 4638 curn
1410 4583 1469 4653 ipso
1482 4583 1509 4637 in
1526 4581 1581 4638 Deo
1595 4592 1638 4640 est
1649 4583 1755 4638 bonoim
1773 4591 1887 4639 nostrum.
1976 4573 1977 4586 ¹

254 4688 341 4742 ,vere
369 4677 462 4731 omnia
477 4675 680 4746 seripturarum
704 4688 809 4733 secreta
823 4688 977 4748 penetrare,
999 4689 1061 4734 tene
1112 4675 1190 4730 lllum
1200 4675 1356 4748 diligamus,
1370 4678 1441 4732 utad
1451 4677 1541 4747 ipsum
1556 4677 1713 4746 ueniamus,
1724 4687 1752 4733 et
1762 4679 1789 4733 in
1799 4675 1889 4732 Cbrism

255 4769 428 4826 ¹charitatem
444 4771 491 4827 ubi
504 4771 623 4842 pendent
636 4772 741 4845 omnia.
753 4771 792 4827 lta
806 4773 921 4840 tenebis,
942 4773 1007 4843 quia
1023 4774 1060 4828 ita
1112 4769 1292 4840 gaudeamus,
1304 4769 1386 4825 istum
1396 4769 1553 4840 diligamus,
1563 4780 1591 4826 ul
1604 4786 1668 4826 eum
1682 4771 1743 4841 ipso
1752 4781 1888 4829 curramus,

255 4861 398 4930 didicisti,
427 4865 534 4919 tenebis
548 4865 630 4920 ctiam
644 4865 717 4936 quad
738 4866 861 4920 nondum
876 4865 1005 4921 didicisti.
1031 4865 1059 4922 Si
1111 4871 1138 4916 et
1153 4877 1214 4916 eum
1230 4863 1289 4932 ipso
1300 4861 1501 4932 perveniamus.
1517 4861 1594 4918 lllom
1612 4871 1643 4917 ut
1658 4863 1800 4934 gaudium,
1813 4864 1889 4922 istium,

255 4954 340 5010 enim
362 4955 435 5011 nosti
456 4957 629 5024 charitatem,
645 4957 749 5028 aliquid
764 4959 847 5024 nosti,
868 4960 940 5016 uude
953 4968 980 5015 et
993 4959 1145 5019 illudbut
1166 4955 1258 5026 galidii
1286 4953 1404 5012 socium.
1428 4953 1506 5010 illum
1538 4965 1566 5012 ut
1593 4957 1741 5027 requiem,
1770 4957 1844 5012 istum
1865 4958 1891 5004 ul

252 5046 368 5116 pendet
382 5047 456 5116 quod
471 5046 543 5103 lortc
564 5049 649 5114 nosti,
666 5060 694 5105 et
710 5050 738 5104 iu
751 5064 785 5103 eo
805 5051 879 5119 qood
903 5051 1060 5124 Scripturas
1114 5047 1217 5119 rcqrriei
1233 5059 1399 5104 consortem.
1416 5046 1488 5114 Quid
1499 5059 1540 5105 est
1553 5047 1638 5105 Deum
1657 5049 1788 5121 diligere?
1807 5047 1891 5102 babere

252 5151 323 5196 -uou
340 5137 481 5209 intelligis,
497 5139 617 5196 ebaritas
642 5149 726 5212 patet.
753 5139 801 5194 llla
817 5141 912 5212 itaque
934 5151 1007 5200 tenet
1034 5154 1061 5202 ct
1113 5141 1191 5197 uelle.
1219 5139 1289 5208 Quid
1317 5149 1359 5198 est
1382 5140 1468 5196 Deum
1481 5142 1593 5214 diligere
1615 5151 1728 5214 propter
1750 5159 1780 5200 se
1796 5139 1891 5214 ipsum!

265 5231 342 5303 quod
363 5241 438 5305 patet
454 5241 482 5288 et
509 5234 582 5305 quod
606 5235 716 5291 lutetia
745 5234 847 5289 diuinis
874 5238 1059 5294 sermonibus.
1115 5237 1175 5291 ideo
1190 5235 1313 5307 diligere,
1335 5244 1364 5290 ut
1377 5234 1479 5292 habeas
1497 5237 1596 5306 ipsum.
1611 5237 1682 5304 Quid
1697 5247 1741 5294 est
1752 5235 1892 5306 proximum

264 5325 319 5392 Qui
351 5325 514 5383 charitatem
543 5335 616 5383 tenet
636 5329 664 5382 in
690 5325 827 5391 moribus,
854 5325 909 5384 -boe
925 5336 967 5384 esl
986 5331 1061 5401 quod
1115 5328 1227 5398 diligere
1244 5338 1355 5399 propter
1381 5327 1484 5384 Deum?
1512 5330 1573 5385 ideo
1600 5331 1716 5402 diligere
1736 5331 1800 5401 quia
1824 5327 1893 5383 babet

263 5414 419 5474 breviatum
449 5435 603 5476 sermonem
632 5418 716 5474 saciet
739 5415 874 5474 Dominus
897 5435 980 5490 super
1004 5430 1061 5478 ter·
1115 5419 1211 5476 Deum.
1229 5419 1306 5477 Sient
1320 5420 1459 5493 diligimus
1480 5421 1619 5477 hominem
1634 5433 1748 5493 propter
1758 5421 1891 5494 tustinum,

263 5521 335 5566 ram.
615 5573 634 5583 „
1115 5513 1142 5570 id
1155 5523 1196 5569 est
1209 5515 1272 5586 quia
1291 5513 1527 5585 babetjustitiam,
1538 5523 1565 5569 et
1577 5515 1648 5570 sictl
1661 5515 1802 5586 diligimus
1816 5511 1893 5570 bomi-

303 5599 506 5674 ‹Congregatis
525 5613 616 5658 autem
634 5598 801 5666 Pbarisaeis,
815 5599 997 5674 interrogavit
1014 5621 1062 5663 eos
1113 5621 1175 5660 nem
1191 5615 1302 5676 propter
1320 5605 1492 5674 sapientiam,
1507 5604 1533 5659 id
1548 5612 1590 5660 est
1611 5605 1678 5676 quia
1693 5605 1776 5660 babet
1794 5603 1888 5674 sapien·

263 5689 356 5759 huus,
369 5695 463 5771 diceps
474 5693 559 5762 :Quid
571 5696 648 5756 robis
661 5691 781 5747 videtur
791 5693 824 5748 dc
838 5692 1062 5770 Clrrislolllujus
1112 5698 1190 5764 tiam,
1204 5699 1244 5755 sie
1259 5698 1398 5770 diligimus
1412 5697 1549 5752 bominem
1564 5705 1678 5768 propter
1698 5697 1803 5764 Deum,
1819 5695 1842 5750 id
1856 5703 1891 5748 est

264 5776 580 5844 etlmaneblccntei:
606 5781 711 5864 ilarld.
743 5781 859 5840 bitillls
889 5784 1061 5852 :Quomodo
1112 5787 1891 5863 quiababellleum,neleilortenondumbabet,tamra
