4017 6342
129 261 202 321 ¹0⁹³
612 276 907 337 pertentaturos
927 276 976 333 ss.
998 275 1154 333 naraon.
1174 309 1208 320 -
1225 276 1290 332 tto.
1309 272 1341 333 tt.
1724 282 1799 339 root·

130 377 258 454 AEgypto
277 393 507 465 transplantavit,
520 406 548 453 et
561 414 624 455 eam
638 395 768 467 agricolis
780 395 894 461 locavit;
906 409 952 449 eu·
965 406 988 465 Α
1003 394 1113 449 civitate
1141 403 1236 449 exorto
1260 392 1362 449 milites
1388 390 1591 464 propugnacula
1622 391 1791 465 relinquunt,

129 468 176 542 ius
197 476 361 546 prophetas
375 484 429 557 ipsi
447 488 480 543 ad
496 503 525 544 se
536 491 640 545 missos
653 486 819 545 contumelia
837 486 948 543 aiieetos
1002 487 1050 543 sed
1078 487 1171 542 hostes
1209 486 1331 557 undique
1360 500 1456 541 muros
1493 484 1658 554 irrumpunt.
1687 484 1793 544 ctrin-

132 575 947 648 peremerunt;insuperetnnicumFiliumsuumdevinca
1000 585 1054 633 tem
1091 578 1224 634 violenter
1252 578 1402 645 invadunt,
1437 577 1565 632 universa
1596 578 1689 633 voraci
1713 576 1793 632 flaria-

135 660 259 731 eiectam
272 666 451 735 ecciderunt,
463 670 536 725 dedit
548 672 588 728 eis
600 670 781 742 quadraginta
794 670 848 725 duo
861 684 948 725 annos
999 686 1052 726 ιιι
1065 672 1188 738 tradunt,
1213 680 1343 726 crmctum
1361 670 1492 741 populum
1516 670 1631 725 diversis
1650 672 1792 741 suppliciis

139 754 169 809 in
184 758 394 826 prettitentiarn,
406 776 462 832 quo
473 773 585 831 possent
600 774 692 819 reatus
703 764 747 819 sui
762 762 893 833 consequi
906 761 948 815 in·
997 762 1187 832 exstinguunt,
1214 771 1328 819 cunctas
1359 770 1450 817 turres
1481 770 1509 815 et
1532 761 1622 831 ipsum
1647 761 1789 832 templum,

144 848 328 920 dulgentiam.
345 850 401 923 ipsi
416 868 481 908 vcro
497 854 726 927 temporegratiae
744 854 822 909 abusi
843 852 946 909 suntin
997 870 1164 924 mutumque
1187 854 1214 910 in
1238 854 1391 910 circuitus
1419 851 1605 909 fundamentis
1633 852 1789 909 destruunt.

145 942 947 1017 superbiam,etirritaveruntllcumjugitcraugentcscul·
997 942 1131 1002 Omnibus
1155 954 1247 1000 autem
1270 946 1426 1012 subversis,
1456 944 1543 1000 terror
1567 947 1641 1016 quod
1669 945 1697 1000 in
1715 945 1788 1012 loco,

146 1033 943 1108 pam3ideoiralieiascenditsupercosctdisperdiditeos.
996 1051 1052 1105 quo
1065 1036 1161 1093 civitas
1184 1036 1288 1107 pridem
1305 1034 1404 1103 iuerat,
1429 1043 1551 1091 aratrum
1578 1036 1720 1101 duxerint,
1745 1052 1791 1093 sa·

182 1124 337 1195 Postquam
353 1126 426 1181 enim
444 1127 592 1197 prophetas
607 1127 746 1197 sapiemus
758 1135 785 1181 et
797 1127 901 1182 scribas
910 1126 946 1182 ad
996 1126 1049 1181 lem
1072 1143 1123 1198 pro
1149 1127 1253 1182 semiue
1278 1128 1439 1197 sparserint.

144 1230 198 1271 eos
232 1216 333 1271 missos
362 1232 430 1272 ase
459 1217 628 1287 repulerunt,
661 1218 773 1287 insuper
809 1218 944 1288 quosdam
1032 1216 1061 1272 Ιι
1087 1218 1139 1273 hac
1159 1218 1252 1289 itaque
1277 1218 1422 1274 obsidione
1443 1216 1542 1287 legitur
1565 1216 1639 1288 quod
1660 1218 1791 1273 andecies

144 1305 357 1375 lapidaverunt:
374 1306 507 1377 qrtesdam
521 1307 617 1363 divisis
632 1308 722 1378 poenis
736 1307 942 1377 interfecerunt,
995 1318 1109 1364 centena
1132 1309 1220 1364 millia
1246 1308 1319 1364 lame
1343 1308 1484 1378 perierint,
1508 1309 1675 1379 totidemque
1699 1310 1791 1379 gladio

143 1395 218 1453 alios
239 1397 272 1452 de
291 1398 392 1453 linibus
413 1398 834 1468 suispropulerunt;Dominus
860 1401 943 1457 ultio·
994 1399 1127 1471 perempti
1155 1400 1220 1466 sint,
1256 1399 1381 1469 ciusdem
1419 1399 1525 1454 numeri
1549 1399 1577 1453 in
1605 1399 1791 1467 captivitatem

142 1504 228 1555 trum,
246 1487 551 1561 bominussanguiuem
566 1492 817 1561 eorumrequirere
832 1501 874 1547 est
899 1508 944 1548 re·
994 1490 1133 1557 distracti,
1171 1491 1284 1546 trecenti
1312 1490 1340 1544 in
1367 1490 1499 1545 ultionem
1535 1488 1685 1545 Dasminicae
1715 1492 1791 1547 necis

142 1582 290 1637 cordatus.
306 1579 441 1653 venitque
458 1598 601 1654 snpereos
619 1582 737 1640 acilius
759 1598 855 1640 eorum
879 1600 944 1641 sau·
993 1582 1117 1638 crucifixi
1147 1592 1221 1639 sunt.
1250 1581 1381 1637 Traditur
1398 1582 1480 1636 etiam
1497 1580 1570 1651 guod
1596 1597 1650 1635 xxx
1670 1596 1720 1651 pro
1743 1582 1792 1636 de·

140 1673 211 1741 gnis
228 1671 345 1739 Christi,
368 1672 547 1744 omniumque
569 1673 718 1743 justorum,
733 1690 813 1745 quem
838 1691 854 1730 a
878 1690 943 1731 san-
993 1674 1073 1729 nario
1096 1674 1198 1730 venditi
1221 1675 1286 1741 sint,
1312 1674 1384 1731 sieut
1409 1674 1460 1744 ipsi
1487 1673 1632 1729 Dominum
1656 1691 1706 1744 pro
1735 1691 1790 1729 rsit

140 1762 231 1831 garine
245 1763 312 1817 Abel
331 1762 484 1819 edrrderrmt
510 1780 653 1837 usqrrequo
678 1767 816 1837 apostolos
839 1766 942 1824 Christi
958 1770 978 1825 tt
993 1765 1113 1822 denariis
1131 1765 1319 1834 tradideruut3
1336 1767 1386 1834 sie,
1400 1766 1566 1832 charissimi,
1592 1767 1708 1822 reddidit
1736 1766 1789 1821 llo·

139 1854 320 1910 occiderunt.
338 1852 445 1925 Elquia
466 1854 574 1911 Patrem
601 1866 628 1911 et
642 1856 742 1912 Filium
758 1856 941 1925 offenderunt,
995 1856 1086 1913 minus
1101 1858 1256 1928 septuplum
1283 1859 1310 1912 iu
1344 1858 1406 1914 sinu
1431 1872 1538 1924 eorum,
1560 1858 1608 1929 qui
1635 1859 1790 1916 eiiurlernnt

139 1930 225 2013 pater
237 1943 468 2015 Vespasianus,et
478 1946 552 2003 blius
566 1946 645 2003 Titus
660 1947 712 2003 boc
725 1947 941 2017 vindicaverunt,
994 1950 1154 2020 sanguinem
1178 1960 1336 2005 sanctorum
1352 1948 1441 2020 (Paul.
1472 1949 1597 2020 ιιιιιιι).
1628 1950 1675 2006 Sic
1693 1952 1789 2007 relicta

139 2050 177 2090 ac
193 2035 304 2091 riucam
319 2036 419 2092 summi
447 2037 665 2108 patrisfamilias,
680 2054 763 2109 quam
780 2040 808 2095 in
833 2042 942 2097 vineam
993 2046 1036 2093 cst
1054 2038 1154 2095 domus
1176 2040 1301 2106 deserta,
1328 2054 1412 2111 quant
1441 2040 1493 2105 ipsi
1515 2041 1674 2110 speluncam
1702 2041 1795 2098 latro-.

139 2125 334 2183 Sodomorum
346 2137 546 2197 converterant,
559 2130 593 2186 de
606 2146 661 2202 gua
674 2131 770 2188 vinum
781 2130 943 2189 Gomorrhae
993 2146 1060 2187 num
1085 2130 1230 2189 lecerunt:
1250 2133 1349 2205 sicque
1380 2132 1495 2187 humani
1510 2140 1538 2187 ct
1564 2133 1655 2189 locum
1675 2146 1702 2189 et
1720 2150 1788 2205 geu-

137 2217 494 2285 hiberant,exterminavit
516 2220 630 2290 aporde
645 2220 724 2288 silva,
739 2230 768 2277 et
793 2220 942 2293 singularis
994 2228 1050 2275 tem
1077 2220 1186 2277 illorum
1219 2222 1350 2278 tulerunt.
1376 2221 1429 2291 En,
1456 2222 1640 2292 dilectissimi,
1669 2226 1788 2283 audistis

138 2306 223 2365 ierus
248 2309 378 2379 depastus
395 2291 443 2363 ἰιι
460 2324 520 2365 eam
536 2307 623 2371 (Psoi.
653 2312 758 2382 cxxix).
784 2310 858 2367 Silva
883 2322 943 2369 erat
992 2312 1175 2382 captivitatem
1189 2311 1363 2382 ludaeorum,
1390 2316 1543 2371 carendum
1556 2323 1599 2373 est
1618 2316 1726 2373 nobisa
1741 2334 1788 2374 ca·

137 2399 295 2469 gentilitas,
312 2400 346 2455 de
362 2415 416 2470 qua
439 2414 506 2471 aper
519 2398 706 2471 Vespasianus
720 2387 873 2458 exercitum
890 2402 951 2459 du-·
992 2404 1086 2474 ptione
1099 2404 1310 2463 demoniorum.
1336 2406 1384 2463 illa
1400 2408 1473 2463 enim
1495 2408 1597 2479 scripta
1611 2417 1656 2464 est
1672 2408 1707 2465 ad
1723 2426 1788 2466 oer-

138 2491 252 2557 citavit,
283 2499 311 2546 et
338 2491 469 2557 vineam,
501 2491 605 2549 scilicet
636 2489 782 2561 iudaeam,
808 2492 882 2551 ierro
914 2504 942 2551 et
992 2493 1143 2549 rectionem
1175 2506 1310 2563 nostram,
1336 2512 1371 2553 ue
1399 2512 1451 2553 nos
1476 2498 1601 2556 incautos
1620 2499 1786 2557 circumclu-

138 2596 210 2653 rgue
243 2582 443 2639 exterminavit.
469 2580 622 2655 Singularis
662 2582 738 2641 ierus
762 2593 822 2641 erat
846 2584 939 2655 Titus,
992 2584 1061 2641 daut
1081 2593 1172 2641 castra
1192 2586 1281 2644 hostis
1300 2588 1423 2660 maligui.
1455 2588 1563 2647 Etenim
1592 2601 1623 2647 ut
1636 2609 1687 2651 uos
1710 2608 1788 2650 csse·

137 2675 192 2745 qui
230 2675 311 2746 longa
350 2675 494 2731 obsidione
528 2673 746 2749 Hierosolymam
779 2687 823 2735 cst
858 2679 942 2750 depa-
992 2692 1056 2733 mus
1073 2666 1229 2749 captivitate
1257 2679 1346 2745 liberi,
1373 2681 1474 2737 summi
1499 2682 1572 2755 regis
1599 2684 1671 2741 lilius
1701 2686 1785 2743 datus

138 2776 216 2821 stus.
247 2766 300 2821 Sed
321 2775 469 2838 antequam
485 2768 595 2824 ‘civitas
615 2776 796 2835 everteretur,
820 2778 878 2827 toto
894 2770 940 2827 iilo
991 2777 1034 2825 est
1063 2768 1144 2827 obses
1158 2785 1209 2841 pro
1234 2772 1421 2843 redemptione
1449 2776 1546 2832 nostri.
1577 2774 1667 2849 Atque
1683 2786 1713 2833 ut
1730 2779 1784 2835 hoc

137 2870 220 2914 anno
240 2858 317 2913 stella
339 2858 426 2915 instar
453 2858 535 2930 gladii
548 2874 641 2931 super
665 2876 727 2917 eam
751 2861 868 2933 pendere
899 2864 941 2917 ri·
992 2862 1124 2917 tenaciter
1134 2871 1234 2922 nostra
1246 2865 1388 2920 memoriae
1412 2866 1595 2937 imprimatur,
1611 2870 1692 2940 panis
1703 2869 1791 2927 Chri·-

137 2950 236 3007 detur.
251 2948 341 3006 Vitula
361 2950 443 3009 etiam
468 2952 611 3009 sacrificiis
638 2952 759 3021 admota,
783 2970 885 3027 agnum
898 2962 941 3011 est
992 2952 1027 3007 sti
1050 2950 1078 3007 in
1095 2952 1207 3009 modum
1228 2954 1335 3011 denarii
1360 2955 1506 3027 formatur,
1525 2958 1590 3029 gaia
1604 2960 1786 3030 prolectoille

136 3042 237 3110 rruiaa,
264 3052 292 3099 et
312 3044 506 3100 continuistis
528 3044 656 3101 noctibus
693 3045 780 3116 ignee
812 3046 885 3103 acies
909 3048 938 3103 in
991 3058 1042 3114 pro
1065 3061 1121 3101 xxx
1150 3046 1271 3101 denariis
1295 3048 1412 3104 traditus
1434 3057 1478 3105 est
1505 3050 1534 3105 iu
1555 3067 1654 3107 manus
1684 3052 1784 3123 impio·

135 3152 209 3195 aere
237 3148 397 3204 cernuntur,
419 3140 520 3211 templi
542 3140 634 3211 januae
661 3141 750 3196 rnedia
773 3150 852 3197 noceo
866 3114 973 3197 ultr-00
990 3153 1075 3193 runt:
1102 3138 1150 3209 qui
1173 3154 1256 3194 rerus
1279 3139 1410 3197 denarius
1434 3140 1545 3196 dabitur
1566 3143 1593 3197 in
1608 3143 1786 3215 vincensque

137 3231 320 3301 aperiuntur,
336 3232 512 3302 maximaque
534 3232 597 3288 luce
619 3232 693 3289 intus
715 3241 877 3291 coruscante
891 3250 940 3290 vo·
991 3227 1181 3300 edissererem
1205 3229 1394 3287 laborantibus
1418 3231 1560 3301 ptaeuriutn
1587 3233 1711 3288 omniurn
1735 3235 1782 3304 iu·

136 3336 191 3378 oss
208 3324 367 3393 hujusmodi
390 3324 540 3380 audiuntur
555 3342 562 3378 ι
580 3342 590 3376 ι
605 3324 792 3381 'transcamus
815 3327 850 3381 de
867 3326 943 3383 sedi-
991 3331 1108 3378 storum.
1133 3320 1196 3378 iiaee
1215 3322 1360 3393 captivitas
1385 3324 1526 3395 praecessit
1545 3324 1573 3379 ιι
1600 3326 1688 3397 ligura
1713 3326 1785 3383 sicut

137 3414 198 3470 bus
215 3413 287 3471 istis.
307 3414 416 3487 rigitur
440 3415 585 3472 transactis
608 3424 672 3486 post
694 3417 852 3488 passionem
885 3416 940 3474 llo·
991 3413 1072 3470 nobis
1092 3412 1176 3470 relert
1196 3429 1275 3471 sacra
1312 3413 1485 3486 Scriptura:
1509 3414 1578 3471 Cum
1605 3415 1680 3472 Elias
1705 3417 1789 3487 igneo,

136 3505 213 3559 mini
242 3506 425 3578 quadraginta
455 3506 564 3563 duobus
587 3507 679 3575 annis,
710 3505 896 3578 Vespasianus
912 3516 939 3564 et
996 3520 1080 3561 curru
1105 3504 1246 3561 iacoelum
1276 3505 1487 3573 transterretur,
1517 3515 1543 3562 et
1567 3505 1674 3563 Eliseus
1699 3509 1784 3580 pallio

138 3592 238 3661 Titus,
266 3598 352 3653 duces
389 3596 587 3665 Romanorum,
616 3612 680 3653 eum
713 3600 835 3655 maximo
861 3615 940 3657 cter-
990 3596 1058 3653 Elisa
1079 3597 1198 3655 Jordaue
1220 3598 1320 3666 diviso,
1348 3600 1381 3653 ad
1396 3597 1508 3655 Jericbo
1534 3608 1727 3668 reverteretur,
1749 3617 1789 3659 eo

135 3688 201 3745 citu
222 3686 345 3744 iudaeam
362 3688 504 3755 intrantes,
520 3688 676 3745 universam
691 3689 828 3760 regionem
847 3692 941 3749 iucen-
990 3689 1055 3744 inde
1070 3688 1105 3745 ad
1115 3687 1384 3745 Bethelascendcute
1398 3688 1509 3759 pueriei
1525 3689 1694 3746 illuserunt«
1714 3690 1786 3746 :ds-

135 3779 190 3835 dio
205 3780 428 3836 derastar‘erunt.
455 3778 576 3847 Populus
586 3788 677 3837 autem
694 3796 726 3837 ex
741 3784 849 3839 cunctis
864 3784 940 3841 urbi·
990 3781 1087 3846 cende,
1097 3780 1183 3846 calve,
1198 3781 1318 3836 ascende
1332 3780 1409 3837 calve
1423 3801 1432 3833 a
1447 3782 1635 3840 clamaverunt
1647 3780 1676 3855 (l
1682 3781 1704 3837 V
1718 3782 1782 3855 dep.

135 3873 198 3929 hus
222 3874 259 3928 ob
283 3874 439 3944 paschalem
473 3871 647 3931 testivitatem
677 3874 705 3931 ιι
721 3872 938 3949 Hierosolymam
991 3872 1022 3945 t).
1046 3870 1152 3941 Quibus
1167 3872 1233 3927 dum
1256 3872 1303 3927 ille
1323 3871 1505 3940 malediceret,
1530 3872 1586 3929 duo
1599 3873 1658 3931 ursi
1667 3875 1702 3930 de
1714 3875 1783 3933 silva

135 3964 431 4036 eonlluxerataquem
456 3966 594 4023 exercitus
623 3968 650 4023 in
664 3958 787 4039 paschali
817 3978 939 4041 tempore
990 3962 1094 4034 egressi
1118 3969 1195 4029 sunt,
1222 3962 1271 4032 gui
1294 3976 1349 4015 ιιι
1368 3976 1470 4032 pueros
1495 3961 1694 4017 laceraverunt.
1709 3962 1784 4022 Elias

134 4057 300 4124 obsidebat,
315 4058 387 4113 sieut
404 4056 464 4129 ipse
477 4056 624 4113 Dominum
636 4058 664 4113 in
679 4059 802 4129 paseirali
814 4060 858 4115 die
875 4074 940 4115 eru-
989 4064 1050 4110 erat
1081 4054 1109 4109 ιι
1136 4055 1224 4124 ligura
1244 4052 1391 4118 Christum
1410 4052 1457 4108 hic
1479 4053 1514 4108 ad
1530 4051 1624 4108 Bethel
1649 4056 1782 4124 aseendit,

135 4154 282 4209 cilltcrat.
308 4149 403 4222 itaque
434 4152 584 4207 monadum
610 4152 693 4208 verba
728 4151 848 4221 bomini,
868 4152 938 4209 civi·
989 4147 1055 4203 dum
1079 4148 1114 4202 de
1144 4144 1314 4203 Hierusalem
1337 4146 1371 4201 ari
1408 4158 1519 4202 erucem
1549 4144 1673 4203 tetendit.
1713 4145 1783 4205 lluic

137 4251 189 4299 tas
220 4242 292 4297 vallo
307 4241 505 4311 circumdatur,
520 4241 656 4303 machinis
680 4243 800 4315 undique
830 4253 939 4301 exstru-
989 4239 1067 4311 pueri
1087 4239 1268 4295 illuseruutzr
1288 4236 1422 4303 Ascende.
1444 4237 1560 4305 carre»
1584 4236 1782 4310 clamaverunt,

135 4335 197 4392 ctis
226 4332 334 4389 iortiter
367 4333 401 4389 ab
432 4334 558 4389 hostibus
593 4332 804 4405 impugnatur:
834 4335 882 4391 scd
912 4344 940 4391 et
989 4330 1343 4402 dumludaeipueriliscnsu
1356 4328 1781 4403 llomiaopronobisilagellato,

136 4440 258 4484 summa
272 4425 299 4481 ιι
314 4440 331 4481 ι
356 4424 463 4481 civibus
482 4424 653 4481 defensatur.
685 4423 738 4483 Sed
759 4427 824 4497 quia
841 4427 868 4481 in
883 4426 938 4483 llo-
953 4455 974 4508 1)
989 4423 1130 4479 decalvato
1144 4424 1172 4479 ia
1186 4424 1319 4478 Galrariae
1335 4422 1396 4478 loeo
1409 4422 1437 4477 ιι
1455 4422 1702 4481 cruceilluserunt.
1722 4423 1783 4482 lios

134 4520 222 4574 miuo
245 4516 301 4573 lico
331 4526 438 4573 scutum
469 4516 645 4587 protectionis
680 4533 735 4573 non
772 4518 935 4587 babuerunt,
988 4514 1090 4585 quippe
1117 4514 1190 4584 apud
1209 4515 1338 4585 antiquos
1354 4522 1415 4569 erat
1429 4512 1629 4585 crucifigendos
1644 4514 1782 4586 priustla·

135 4612 168 4665 in
205 4624 290 4665 manu
315 4608 407 4664 hostili
444 4618 617 4666 corruerunt.
653 4609 792 4678 Quosdam
820 4626 937 4684 namque
988 4606 1083 4677 gcltari
1113 4620 1146 4661 ac
1170 4605 1317 4672 decalvari,
1344 4604 1385 4661 sie
1415 4613 1506 4676 potest
1531 4605 1614 4661 etiarn
1644 4605 1672 4660 iu
1702 4622 1783 4665 saera

135 4703 246 4768 fames,
278 4701 413 4771 quosdam
442 4702 614 4771 consumpsit
650 4703 743 4770 tahes;
769 4704 881 4775 quidam
903 4705 937 4761 ab
989 4698 1130 4770 Scriptura
1149 4698 1286 4754 notaria«
1311 4696 1466 4771 Devorabit,
1487 4698 1585 4770 ingruit,
1599 4697 1706 4769 gladius
1718 4716 1782 4759 car-

135 4795 215 4867 ipsis
235 4793 341 4849 civibus
367 4792 791 4865 crudelitertrucidati,quidam
814 4806 938 4853 mortuo·
987 4806 1040 4847 nes
1059 4792 1093 4848 de
1109 4805 1208 4847 cruore
1227 4792 1394 4857 occisorum,
1423 4799 1450 4845 et
1463 4789 1498 4844 de
1511 4790 1669 4860 captivitate
1685 4792 1782 4850 nudati

135 4903 208 4943 rum
237 4885 324 4941 fetore
343 4893 408 4941 sunt
431 4883 583 4956 praelocati.
611 4885 680 4941 Nam
704 4888 817 4958 pessimi
835 4889 937 4959 artigua
988 4884 1086 4953 capitis
1102 4884 1277 4938 inimicorum
1293 4882 1385 4954 (licat.
1401 4881 1507 4952 xxxva).
1528 4900 1538 4933 ι
1554 4879 1623 4937 Nam
1636 4892 1664 4939 et
1680 4885 1781 4954 captivi

135 4990 172 5037 ut
200 4994 285 5035 canes
308 4979 445 5034 civitatem
472 4978 635 5047 circuibant,
668 4994 760 5035 escam
790 4980 824 5035 de
855 4994 936 5035 mauu
988 4975 1211 5043 decalvabantur,
1235 4976 1284 5046 qui
1305 4974 1502 5032 vendebantur.
1519 4972 1697 5033 liocridetur
1727 4993 1786 5034 no·¹

134 5073 306 5139 mulierum,
328 5071 362 5127 de
380 5070 585 5127 oreitrlautium
611 5071 694 5127 etiam
719 5072 862 5143 rapiebant
876 5090 883 5139 ;
899 5073 938 5127 ui·
989 5077 1046 5124 stra
1082 5078 1197 5125 tonsura
1230 5067 1404 5138 exprimere,
1429 5065 1477 5138 qui
1512 5080 1658 5123 censemur
1688 5066 1783 5125 Christ

134 5180 189 5223 res
208 5164 238 5219 itt
264 5164 353 5234 platea
374 5162 507 5234 jacentes,
543 5172 695 5219 extremum
722 5162 850 5232 spiritum
879 5178 938 5233 prae
988 5160 1104 5233 figuram
1138 5174 1241 5232 gerere.
1273 5157 1369 5215 Pueris
1397 5167 1490 5214 autem
1520 5160 1557 5215 ab
1592 5156 1684 5217 Elisco
1721 5175 1781 5215 ma·

134 5258 219 5315 lame
245 5257 396 5321 trahentes,
421 5256 506 5326 impio
523 5255 597 5311 iarro
611 5255 787 5323 cruciabant;
801 5254 933 5311 volentes·
988 5253 1129 5320 lodicitur,
1158 5252 1224 5309 dum
1249 5251 1406 5310 maledictio
1434 5252 1578 5325 sanguinis
1602 5251 1664 5323 ejas
1697 5266 1781 5321 super

135 5368 198 5425 que
222 5351 294 5406 morl
314 5365 370 5405 aon
385 5362 418 5404 err
436 5356 494 5404 toto
517 5350 743 5421 exstinguebant,
760 5349 808 5405 sed
820 5350 937 5405 miseros
989 5358 1040 5398 nos
1071 5350 1100 5399 ot
1122 5358 1206 5413 super
1234 5342 1306 5400 lilios
1334 5352 1443 5399 nostros
1475 5340 1585 5399 tureos
1619 5340 1759 5396 inducitur
1769 5357 1783 5409 ;-

135 5442 307 5501 vulneribus
328 5440 501 5511 torquebant.
523 5438 671 5511 Postquam
698 5454 763 5495 vcro
789 5438 882 5495 asinos
896 5438 938 5494 rel
988 5434 1045 5490 duo
1066 5435 1125 5491 ursi
1139 5436 1174 5491 de
1196 5433 1264 5491 silva
1289 5435 1394 5507 egressi
1416 5433 1599 5506 quadraginta
1623 5432 1694 5487 duos
1710 5446 1779 5501 prte-

135 5550 232 5609 equos
260 5544 415 5603 caeterautte
435 5532 565 5587 animaha
581 5531 615 5585 ad
631 5546 710 5586 esum
731 5530 825 5586 illicita
851 5529 878 5585 ιι
897 5528 938 5585 ci·
988 5535 1035 5583 ros
1064 5521 1270 5593 laceraverunt,
1292 5526 1365 5583 dum·
1381 5533 1443 5597 post
1464 5539 1521 5579 tan
1546 5536 1634 5577 annos
1655 5520 1779 5577 duoim·

134 5630 192 5688 ιιι
222 5631 469 5694 coarsumpserunt,
495 5624 563 5694 ipsae
587 5630 690 5678 nntres
709 5620 781 5677 blios
808 5629 874 5677 suos
903 5621 937 5677 ad
988 5630 1129 5693 peratores
1155 5619 1190 5675 de
1217 5620 1368 5692 gentilitate
1401 5617 1517 5684 egressi,
1555 5614 1640 5670 armis
1669 5610 1783 5667 ludaeos

134 5720 281 5781 mudum
311 5724 510 5773 mactaverunt.
539 5714 615 5773 Unde
644 5732 744 5787 magno
772 5715 890 5771 clamore
910 5716 937 5771 ln
989 5712 1372 5785 atrociterstrauguiavcruut.
1392 5709 1447 5765 Nos
1460 5724 1536 5779 ergo,
1552 5707 1719 5773 charissimi,
1733 5723 1777 5761 m-
