4017 6342
133 365 193 428 '193
615 378 905 439 uertuusrlurtus
922 381 972 438 BS.
993 380 1138 439 hurault
1143 425 1148 437 .
1170 414 1204 427 ·-
1224 384 1287 439 trs.
1309 382 1329 438 Ι.
1742 384 1794 445 itt

137 485 239 545 miritis
252 490 370 563 upurts
392 494 437 549 Αιι
458 494 531 549 euim
553 492 658 549 isaias:
676 513 687 546 ι
703 492 862 566 hprcdietur
875 494 950 564 virm
965 500 1097 559 Amense
1114 512 1129 551 a
1153 498 1331 568 conceptione
1355 494 1479 563 luatntis,
1493 504 1640 567 conceptus
1654 508 1694 555 eet
1716 499 1795 555 Chri-

134 575 176 630 ·de
190 579 291 637 radice
308 582 399 651 lesse,
413 592 440 639 ει
452 567 503 639 ilos
514 584 550 639 de
563 584 654 639 radice
664 584 725 655 eius
738 585 866 641 ascendet
879 584 948 656 (lte.
1001 594 1070 645 stus.
1084 586 1145 655 Quo
1160 596 1291 659 concepto
1306 587 1373 643 abiit
1389 586 1473 644 haria
1486 588 1513 643 itt
1532 584 1659 645 montana
1674 606 1735 645 cum
1755 587 1795 647 tei

146 667 196 739 rt).
215 668 881 746 allicetiamprimusosteususcstintempore
893 675 949 731 Aa·
999 676 1169 744 stinationc,
1194 686 1221 733 et
1249 677 1359 733 intravit
1385 678 1413 734 itt
1443 678 1555 735 domum
1587 677 1744 748 Zachariae,
1766 680 1795 743 et

147 776 198 817 run
211 762 241 817 itt
254 763 358 836 ligura.
375 766 507 821 Dominus
522 768 595 822 enim
608 766 736 837 praecepit
747 766 834 838 lloysi
845 767 879 823 de
893 767 950 823 sin-
999 771 1128 825 salutavit
1152 768 1298 825 Elisabeth.
1321 768 1354 825 lit
1368 770 1460 827 audita
1484 773 1647 829 salutatione
1674 775 1795 832 exsulta·

148 857 221 927 pulis
235 856 368 915 tribubus
380 861 471 929 virgas
488 859 589 914 afferri.
612 859 708 915 Allatas
721 868 786 915 sunt
804 858 948 916 duodecim
998 862 1039 917 vit
1052 859 1143 916 iulans
1167 860 1193 917 in
1216 870 1294 917 utero
1312 860 1449 918 Elisabeth
1465 862 1541 934 (huc.
1558 865 1589 937 ι).
1606 863 1695 936 Coepit
1709 862 1793 922 ioan-

150 948 234 1019 euge
249 949 343 1005 :inter
364 966 434 1021 utras
446 952 528 1005 ctiam
544 966 597 1006 una
619 951 700 1006 allatu
711 959 764 1017 est,
781 966 842 1022 quae
855 952 948 1005 Aaron
998 969 1048 1008 nes
1062 968 1122 1009 esse
1137 954 1268 1024 propheta
1286 964 1433 1025 antequam
1449 968 1621 1025 nasceretur;
1636 960 1793 1030 recognovit

150 1038 241 1095 tuerat
256 1044 418 1100 sacerdotis.
439 1043 537 1100 Pusitae
551 1054 616 1101 sunt
631 1059 696 1116 ergo
713 1059 729 1099 a
748 1054 844 1101 sancto
856 1043 948 1116 dloyse
998 1060 1094 1101 servus
1111 1044 1446 1115 bominumprophetatit
1459 1058 1607 1118 conceptus
1619 1058 1792 1121 conceptum,

151 1131 183 1187 iu
205 1134 413 1191 tabernaculum
440 1137 600 1192 testimonii.
632 1134 713 1207 Virga
738 1146 830 1192 autem
855 1137 948 1193 Aaron
998 1145 1025 1191 et
1039 1151 1087 1206 per
1101 1136 1215 1206 gratiam
1234 1136 1310 1207 pueri
1329 1136 1431 1207 repleta
1450 1147 1492 1193 est
1513 1148 1600 1194 mater
1614 1141 1710 1211 spiritu
1725 1157 1793 1211 pro·

151 1232 214 1292 post
236 1224 351 1281 alteram
374 1227 447 1283 diem
470 1227 609 1298 invertitur
629 1227 791 1298 produxisse
815 1226 897 1285 dores
920 1238 948 1285 et
997 1228 1105 1297 phetiae,
1119 1236 1146 1283 et
1159 1228 1229 1281 aitzt
1250 1226 1326 1283 llnde
1338 1227 1390 1282 hoc
1403 1228 1481 1293 mihi,
1495 1229 1626 1285 ntrettiat
1638 1238 1725 1286 mater
1740 1230 1793 1286 bn·

151 1312 264 1371 irottdes
277 1327 305 1371 ει
321 1318 460 1388 peperisse
473 1334 557 1375 nnccs
578 1318 673 1391 (Num.
690 1318 768 1390 xrtt).
785 1318 856 1375 Ecce
875 1336 947 1393 quo-
997 1319 1064 1373 utini
1081 1320 1134 1374 mei
1145 1320 1178 1374 ad
1192 1319 1247 1374 me?
1264 1318 1297 1373 Et
1312 1320 1413 1374 mansit
1428 1318 1465 1374 ibi
1484 1318 1568 1375 llaria
1585 1322 1671 1377 tribus
1689 1321 1792 1377 mensi·

152 1406 234 1461 modo
245 1408 414 1464 conveniunt
435 1410 568 1480 propheta
582 1417 610 1466 et
624 1410 719 1480 ligura.
733 1406 811 1465 lesse
831 1409 883 1465 luit
896 1426 946 1481 pa·
996 1408 1059 1476 hus,
1074 1417 1102 1463 et
1115 1424 1223 1465 reversa
1237 1417 1280 1465 est
1302 1410 1330 1464 ιιι
1350 1409 1463 1465 domum
1487 1425 1566 1465 suam
1580 1409 1681 1482 (ibid).
1700 1430 1709 1463 t
1727 1410 1793 1469 Post

150 1495 485 1563 cenatiunculam
500 1509 543 1556 εει
566 1499 668 1555 tamilla
682 1496 853 1567 luttaeorum,
867 1500 946 1571 uirga
996 1501 1056 1557 haec
1071 1501 1183 1573 contigit
1202 1501 1242 1556 ire
1260 1499 1361 1572 loseph
1385 1500 1542 1557 Bethlehem
1565 1516 1628 1558 cum
1643 1519 1728 1560 uvore
1742 1501 1791 1561 su'a

149 1598 192 1645 est
205 1586 312 1655 Uaria3
326 1588 377 1645 dos
399 1590 472 1647 iilius
496 1592 593 1661 ipsius,
608 1607 690 1662 super
712 1606 793 1662 quern
806 1592 947 1648 descendit
994 1602 1163 1665 praegnante.
1186 1592 1310 1664 Cumque
1338 1593 1443 1665 impleti
1468 1603 1561 1652 essent
1582 1596 1640 1652 dies
1667 1606 1696 1651 ut
1710 1612 1791 1669 pare-

150 1675 393 1748 Spirr'tussaoctus
406 1681 433 1735 itt
449 1682 539 1751 specie
552 1683 695 1739 columbe.
719 1681 851 1737 Similiter
868 1682 945 1754 virga
995 1695 1047 1753 ret,
1063 1686 1172 1741 divertit
1193 1686 1221 1741 in
1249 1686 1399 1750 stabulum,
1420 1694 1448 1742 et
1469 1689 1572 1758 peperit
1596 1687 1655 1745 sine
1685 1688 1790 1759 dolore,

149 1772 243 1827 Aaron
255 1787 319 1842 quae
341 1773 403 1829 sine
426 1776 532 1831 semine
551 1776 664 1847 protulit
685 1790 781 1841 nuces,
809 1775 945 1846 sipttilicat
995 1786 1023 1833 et
1042 1778 1215 1848 panniacum
1239 1776 1365 1843 involvit,
1381 1786 1409 1833 et
1421 1778 1512 1833 divina
1526 1779 1646 1849 potentia
1662 1788 1792 1849 operante

147 1863 415 1935 nautaequaesnte
425 1868 530 1923 semiue
539 1868 633 1939 genuit
644 1867 786 1923 Christum
799 1884 806 1920 :
821 1869 848 1922 in
861 1883 942 1935 nuce,
958 1870 980 1927 B
994 1878 1076 1924 natus
1099 1876 1142 1925 est
1160 1868 1194 1923 de
1210 1868 1316 1939 virgine
1330 1866 1407 1940 (Lac.
1422 1868 1453 1939 rt)
1478 1868 1561 1924 hieria
1581 1869 1720 1937 Christus,
1735 1886 1791 1927 noa

146 1961 356 2031 quaesignilleat
368 1960 541 2017 homininum
552 1974 664 2030 corpus,
678 1960 731 2016 tria
742 1967 808 2016 sunt
822 1978 828 2014 :
840 1969 944 2025 cortex,
997 1966 1090 2030 aperta
1114 1958 1228 2030 virginis
1248 1966 1337 2029 porta,
1354 1959 1419 2031 quia
1440 1960 1517 2032 virgo
1542 1969 1605 2017 aute
1629 1972 1747 2032 partum,
1763 1969 1792 2019 ει

146 2059 228 2117 testa,
243 2053 368 2109 nucleus.
378 2053 477 2110 Cortex
487 2051 740 2122 amarussiguilicat
751 2068 874 2119 carnem,
884 2067 946 2122 quae
995 2052 1073 2123 virgo
1088 2051 1115 2107 in
1129 2060 1221 2122 partu,
1236 2058 1263 2106 et
1278 2051 1356 2123 virgo
1376 2060 1437 2122 post
1450 2061 1568 2123 partum.
1588 2051 1627 2109 ue
1643 2055 1791 2128 hacvirpi·

148 2143 246 2199 habuit
274 2146 411 2216 passionis
439 2146 660 2201 amaritudinem.
695 2143 776 2201 Testa
809 2144 945 2217 sipulum
994 2143 1040 2199 nis
1064 2154 1141 2215 porta
1166 2143 1235 2199 dixit
1252 2143 1385 2200 Dominus
1407 2144 1441 2199 ad
1469 2142 1661 2202 Ezechielem:
1681 2145 1791 2205 «Porta

148 2250 228 2303 ussa;
239 2238 354 2294 nucleus
368 2238 492 2305 interior,
500 2240 621 2293 animam
633 2237 777 2293 conchulam
786 2236 941 2293 virtutibus.
994 2230 1053 2289 haec
1064 2249 1146 2305 quam
1165 2234 1240 2289 vldes
1261 2234 1354 2289 clausa
1369 2235 1421 2289 erit
1432 2241 1460 2289 ct
1474 2250 1528 2289 uun
1543 2236 1690 2306 aperietur,
1705 2247 1733 2293 et
1748 2240 1791 2295 vir

146 2326 215 2382 Cum
236 2328 320 2385 hiset
338 2329 474 2386 similibus
501 2337 575 2384 esset
595 2326 704 2383 Domini
727 2328 855 2383 nativitas
879 2342 944 2397 pro-
993 2339 1049 2381 uon
1076 2326 1191 2382 transiet
1220 2342 1269 2399 per
1296 2342 1374 2395 eam,
1401 2326 1532 2398 quoniam
1556 2326 1688 2385 Dotnitms
1717 2330 1789 2389 bens

147 2422 271 2477 nuntiata
292 2430 321 2477 et
343 2421 540 2485 demonstrata,
556 2419 642 2475 voluit
660 2419 793 2475 boninus
806 2419 942 2488 promissa
991 2410 1076 2469 lsrael
1091 2416 1233 2487 ingressus
1247 2426 1287 2471 est
1308 2431 1357 2486 per
1371 2430 1443 2480 eam,
1458 2426 1485 2473 et
1499 2432 1607 2487 semper
1620 2418 1673 2472 erit
1695 2420 1789 2475 clausa

146 2512 269 2583 implere.
286 2512 387 2571 flissus
398 2522 441 2570 est
455 2514 547 2583 itaque
558 2511 670 2568 Gabriel
684 2512 720 2567 ad
733 2509 848 2567 hieriam
866 2510 943 2581 uirgi-
993 2504 1103 2576 (Ezech.
1117 2510 1201 2579 xttr).
1213 2526 1223 2561 t
1237 2506 1364 2579 hlagnum
1380 2510 1515 2579 meritum,
1533 2524 1660 2582 magnum
1675 2510 1789 2583 donum,

144 2618 209 2660 uem
232 2608 261 2661 in
284 2604 431 2667 Nazareth,
451 2605 624 2660 annuntiavit
647 2604 809 2659 descensum
832 2599 941 2657 Domini
990 2612 1090 2668 magua
1104 2599 1190 2667 gratia
1205 2616 1211 2653 :
1227 2598 1325 2655 ancilla
1340 2603 1445 2671 peperit
1455 2599 1551 2666 heum,
1567 2612 1693 2660 ereatura
1706 2602 1789 2658 Crea-

145 2697 173 2751 in
191 2706 301 2752 uterum
315 2698 387 2767 eius.
406 2696 523 2768 Dignum
541 2705 601 2753 erat
617 2705 647 2752 ut
668 2694 787 2761 Gabriel,
800 2696 847 2766 qui
863 2694 942 2765 [orti-
991 2699 1089 2757 turem,
1107 2692 1161 2747 lilia
1174 2701 1325 2764 parentent,
1342 2692 1396 2748 lilia
1414 2692 1576 2762 divinitatis,
1592 2704 1678 2751 mater
1689 2697 1788 2752 huma·

145 2788 210 2843 tutio
221 2788 274 2843 Dei
283 2789 393 2855 dieitur,
410 2788 587 2845 annuntiaret
599 2787 769 2843 nasciturum
781 2786 878 2852 Deum.
892 2786 940 2857 qui
989 2782 1093 2839 uitatis.
1118 2780 1193 2839 Duas
1215 2784 1371 2841 nativitates
1394 2782 1503 2840 Domini
1528 2787 1689 2858 accipimus,
1704 2802 1788 2843 unum

144 2877 211 2934 lorti
238 2894 322 2935 mauu
343 2888 516 2951 pugnaturus
539 2889 635 2935 contra
659 2878 755 2934 mundi
787 2878 939 2949 principem
989 2873 1121 2943 divinam,
1133 2874 1401 2932 alteramhumanam
1417 2876 1507 2932 :illam
1523 2879 1583 2934 sine
1595 2888 1692 2948 matre,
1706 2880 1787 2937 istam

139 2980 213 3025 erat.
235 2970 271 3025 Et
294 2972 371 3027 tahle
396 2972 563 3027 concernens
585 2979 655 3038 emt,
679 2978 708 3025 ut
732 2968 870 3033 Christus,
890 2971 939 3040 qui
989 2966 1049 3022 siue
1071 2975 1159 3037 patre.
1183 2965 1280 3033 llodie,
1304 2967 1403 3025 iratres
1427 2969 1592 3039 citatissimi,
1616 2972 1788 3031 celebramus

138 3060 210 3118 dore
225 3063 386 3135 supradicto
400 3064 582 3135 praesignatus
594 3072 664 3129 erat,
679 3062 707 3116 in
725 3060 859 3117 Nazareth
871 3077 938 3118 cou·
990 3059 1164 3128 temporalem
1181 3060 1349 3115 nativitatem
1361 3068 1471 3131 propter
1486 3074 1538 3116 tros
1553 3070 1703 3132 acceptam,
1717 3076 1787 3134 gatt-

137 3156 292 3225 ciperetur,
307 3172 369 3226 quse
382 3158 431 3227 pios
443 3167 471 3213 et
483 3156 627 3228 cirpultunt
640 3157 844 3225 interpretatur,
860 3169 938 3225 egre-
989 3148 1103 3205 deantus
1127 3159 1237 3221 propter
1257 3151 1458 3221 reparationem
1474 3160 1607 3209 nostram.
1631 3152 1716 3209 llodie
1735 3170 1785 3209 su·

135 3248 218 3319 pium
253 3263 450 3316 precursorem
485 3248 590 3303 habuit.
627 3244 759 3318 Egregius
788 3246 940 3315 imperator
989 3240 1076 3310 eoepit
1099 3242 1219 3298 mundus
1245 3241 1370 3299 inlirmus
1396 3244 1551 3311 sanitatem,
1567 3243 1648 3301 hutlie
1663 3247 1786 3316 captiuus

134 3338 278 3396 hannem
288 3340 447 3412 baptistam,
460 3342 506 3412 qni
519 3343 555 3397 ath
566 3350 644 3397 utero
657 3339 753 3395 matris
765 3339 851 3393 Βειιιιι
862 3350 941 3391 ιεεο-
988 3330 1154 3399 libertatem,
1179 3335 1259 3390 hodie
1287 3336 1458 3405 recuperavit
1485 3337 1564 3392 exsul
1589 3336 1785 3395 hereditatem.

132 3430 247 3503 guerit,
268 3432 316 3500 qui
331 3432 517 3501 perenmdem
537 3432 664 3503 angelum
688 3429 843 3486 Gabrielem
867 3442 940 3481 nun·
990 3422 1180 3494 b'uscipiamus
1200 3424 1281 3479 hodic
1302 3422 1402 3495 Regem
1423 3426 1587 3492 venientem,
1601 3441 1787 3498 praeparemus

132 3524 227 3579 ιιοιιιε
241 3531 295 3587 est,
310 3532 337 3577 et
350 3530 446 3579 contra
465 3537 545 3577 usum
568 3530 674 3577 nature
686 3520 721 3575 de
737 3519 833 3585 sterili,
851 3516 940 3572 Elisa·
989 3512 1145 3571 habitacula
1166 3524 1307 3588 pectorum
1324 3526 1419 3573 contra
1435 3520 1517 3575 talem
1537 3518 1787 3590 imperatoremm

133 3616 205 3673 betlt
229 3616 358 3673 videlicet
382 3625 498 3687 cognata
519 3614 611 3671 llariae
632 3624 714 3670 natus
737 3622 789 3669 est.
811 3611 841 3666 ht
860 3618 938 3666 sextu
989 3606 1313 3683 digneturuusrecipere
1329 3612 1477 3670 incoelesti
1495 3612 1677 3671 Hierusalem.

187 3890 492 4003 uohlutut
528 3887 806 3984 ruoxttth
841 3885 992 3981 POST
1034 3884 1451 3983 ulrlvltlrunt
1488 3891 1737 3988 DOllllNl.

175 4084 282 4140 tlhaut
294 4092 372 4155 pater
389 4082 454 4141 lesu
466 4094 494 4141 et
506 4092 595 4139 mater
605 4082 773 4139 admirantes
788 4096 871 4151 super
890 4079 936 4134 his
986 4077 1049 4133 dem
1063 4076 1212 4136 Dominicae
1225 4095 1317 4137 crucis
1329 4082 1432 4152 accipe,
1448 4080 1481 4137 de
1493 4098 1547 4153 qua
1564 4080 1648 4137 ludaei
1663 4084 1695 4138 ad
1710 4082 1783 4140 Pnu-

138 4192 201 4247 tprae
227 4176 390 4231 dicebantur
410 4177 444 4233 de
468 4175 525 4244 illo,
538 4184 567 4230 et
590 4173 729 4231 benedixit
753 4172 808 4227 illis
824 4170 936 4225 Simeon
987 4170 1045 4223 lum
1060 4168 1188 4224 dixerunt
1202 4188 1208 4225 ε
1222 4170 1260 4226 lie
1279 4172 1331 4227 hac
1346 4182 1419 4229 secta
1434 4181 1529 4228 notum
1546 4181 1588 4229 εει
1599 4174 1689 4242 ιιοιιιε,
1709 4176 1783 4245 qnod

139 4268 291 4340 theoriis
970 4259 1089 4332 ‘ubique
1103 4261 1128 4317 ei
1142 4262 1353 4319 contradicetur.
1372 4283 1381 4317 ι
1400 4264 1433 4320 Ει
1453 4273 1528 4321 ιιιιιιιι
1554 4266 1641 4337 ipsius
1661 4268 1782 4325 animam

172 4360 287 4431 (Brut.)
309 4358 432 4431 loseph,
457 4361 521 4433 quia
547 4360 677 4417 nutritius
701 4368 771 4427 erat,
794 4366 821 4413 et
844 4356 937 4411 itariae
986 4354 1163 4422 pertransibit
1185 4354 1302 4426 gladius,
1323 4358 1376 4413 tid
1392 4367 1434 4414 est
1455 4358 1534 4415 dolor
1557 4358 1705 4415 Dominicae
1719 4376 1782 4430 pas-

141 4451 242 4507 ltmam
253 4454 416 4509 olrserrabat
430 4452 580 4509 secundum
594 4451 750 4523 opinionem
765 4448 936 4522 tttlgi,l‘ater
987 4444 1085 4513 sionis,
1097 4447 1161 4517 quia
1185 4462 1240 4508 non
1259 4450 1347 4519 potuit
1361 4448 1460 4505 Filium
1477 4450 1568 4508 videre
1586 4452 1705 4523 cruciligi
1720 4453 1780 4508 sine

143 4542 292 4600 salvatum
306 4546 468 4616 appellatur,
743 4550 749 4561 ’
987 4535 1086 4593 all'ectu
1100 4540 1215 4595 utaterni
1228 4540 1341 4610 doloris,
1351 4544 1401 4599 etsi
1413 4546 1540 4615 sperabat
1550 4554 1778 4601 resurrecturum.

177 4654 188 4687 t
207 4634 240 4690 lit
253 4635 324 4690 dixit
336 4636 371 4691 ad
389 4634 501 4690 llarimu
517 4644 632 4691 matrem
648 4635 709 4705 ejus
723 4654 731 4689 t
745 4631 933 4703 Eccepositus
987 4628 1079 4702 Usque
1100 4632 1135 4687 atl
1159 4632 1240 4689 tinem
1262 4635 1353 4691 saeculi
1377 4638 1497 4693 animam
1519 4636 1646 4694 Ecclesiae
1674 4638 1781 4709 gladius

139 4736 183 4783 est
194 4728 239 4784 bic
252 4729 281 4783 in
295 4729 403 4783 ruinam
415 4737 443 4783 et
456 4727 484 4783 in
500 4728 726 4783 resurrectionem
741 4726 891 4781 multorum
905 4725 933 4779 itt
984 4721 1171 4779 tribulationis
1181 4727 1338 4795 pertransit,
1357 4742 1419 4783 cum
1431 4731 1511 4800 signo
1525 4729 1587 4785 lidei
1600 4729 1635 4785 ab
1649 4728 1781 4799 improbis

137 4818 223 4881 lsrael
235 4828 264 4875 et
279 4820 429 4892 insignum
442 4819 487 4875 cui
500 4820 712 4875 contradicetur.
729 4835 739 4870 t
983 4815 1192 4883 contradicitur,
1205 4832 1268 4873 eum
1284 4821 1385 4876 multos
1400 4837 1481 4877 ruere
1494 4822 1576 4878 videt.
1592 4822 1687 4878 Aliter.
1704 4822 1782 4895 (Ont-

177 4910 205 4969 ιιι
224 4913 332 4968 ruinam
353 4912 502 4968 multorum
522 4910 629 4983 positus
647 4920 691 4967 εει
711 4909 854 4976 Dominus,
869 4908 933 4980 quia
983 4907 1089 4979 tunes.)
1116 4905 1227 4963 Positus
1252 4917 1293 4964 est
1307 4908 1440 4967 Dominus
1464 4912 1491 4966 in
1512 4912 1620 4968 ruinam
1638 4913 1779 4981 vitiorum,

134 5003 935 5076 ipseestlapisoliensionis,ctpetrascandali,idestruince
983 5006 1011 5053 ει
1033 4998 1060 5053 in
1077 5000 1305 5057 resurrectionem
1328 5002 1469 5071 virtutum,
1486 5020 1537 5060 nec
1563 5006 1591 5060 ιιι
1614 5007 1781 5063 resurrectio

132 5098 186 5153 iris
198 5098 244 5169 qui
267 5098 411 5154 offendunt
430 5098 525 5164 uerbo,
548 5111 599 5153 uec
622 5098 747 5153 creduut.
772 5096 813 5151 De
833 5095 934 5167 quihus
983 5089 1037 5145 uisi
1050 5092 1130 5147 ruina
1145 5094 1290 5163 praecedat.
1306 5092 1403 5149 Omnia
1419 5111 1480 5165 qum
1492 5097 1525 5151 de
1539 5096 1650 5153 Christo
1664 5113 1781 5152 uertun-

131 5188 202 5257 ipse
212 5172 278 5245 dicit
294 5207 329 5245 :t
355 5187 384 5244 Si
406 5204 461 5244 non
483 5189 621 5245 vertissem
644 5197 671 5244 ct
694 5188 802 5243 locutus
823 5187 864 5241 eis
877 5201 932 5240 nort
983 5188 1038 5248 tur,
1057 5184 1130 5252 quod
1154 5193 1235 5239 natus
1253 5184 1287 5241 de
1306 5185 1422 5258 virgine,
1438 5187 1511 5258 quud
1526 5188 1685 5255 resurrexit,
1705 5187 1779 5259 quod

130 5280 264 5349 fuissem,
283 5288 428 5351 peecatum
450 5294 506 5335 nun
527 5280 659 5335 haherent
677 5278 768 5349 (ioan.
792 5277 848 5349 xv).
876 5276 933 5332 tht
980 5274 1074 5345 ianuis
1102 5276 1205 5333 clausis
1231 5276 1362 5343 intrarit,
1388 5280 1491 5347 omnia,
1517 5279 1639 5349 inquunt,
1669 5280 1779 5350 siguum

128 5373 367 5431 resurrectionem
388 5382 480 5428 autem
503 5371 609 5441 positus
631 5370 763 5441 est‚quia
789 5370 933 5425 credentes
983 5375 1051 5422 sunt
1067 5368 1112 5423 cui
1128 5370 1328 5425 contradicitur
1343 5370 1378 5425 ab
1397 5370 1561 5425 infidelibus.
1591 5370 1778 5440 (dranustus.)

127 5463 169 5518 in
185 5479 245 5519 enm
265 5473 510 5521 resurrexerunea
532 5464 651 5533 ρεεειιιιι
672 5478 807 5533 perenm.
826 5462 856 5519 lu
874 5463 933 5519 suis
986 5478 996 5511 t
1013 5458 1099 5514 Tuam
1124 5460 1212 5530 ipsius
1233 5462 1352 5517 animam
1376 5460 1553 5533 pertransibit
1565 5460 1682 5531 gladius,
1702 5479 1711 5512 t
1729 5460 1778 5530 qul

126 5555 363 5627 predicatoribus
386 5570 496 5626 quoque
528 5554 634 5625 positus
654 5562 696 5610 est
717 5555 746 5609 in
769 5556 877 5609 ruinam
905 5561 933 5609 et
982 5564 1024 5610 cst
1045 5556 1159 5611 vcrhum
1175 5556 1232 5623 uel,
1249 5560 1372 5614 revelans
1395 5558 1442 5613 tibi
1468 5556 1612 5627 ntysteria;
1631 5560 1685 5607 rut
1701 5566 1779 5607 reve·

126 5648 386 5715 resurrectionem,
403 5655 435 5703 ut
451 5647 489 5703 alt
503 5647 672 5717 Apostolus:
692 5666 702 5700 ι
725 5646 828 5702 Christi
843 5645 932 5703 bonus
982 5647 1072 5703 lentur
1090 5663 1124 5703 ex
1154 5649 1248 5705 multis
1275 5650 1404 5705 cordibus
1432 5646 1619 5719 cogitationes.
1637 5662 1647 5697 t
1669 5642 1776 5714 (beot.)

122 5735 312 5795 odorsumus
328 5738 386 5795 lieo
403 5740 431 5795 iu
444 5740 489 5795 bis
501 5739 549 5810 qui
564 5738 724 5805 salviliuut,
735 5748 764 5795 et
784 5740 811 5795 itt
826 5739 871 5795 bis
884 5738 933 5809 qui
981 5741 1052 5796 Ante
1066 5749 1126 5797 erat
1144 5741 1287 5805 incertum,
1311 5742 1375 5811 quia
1399 5736 1555 5795 ludaeorum
1576 5734 1715 5791 Christum
1733 5747 1779 5788 re-

120 5836 252 5898 pereant
265 5828 312 5902 (tl
327 5830 390 5889 Gar.
406 5832 449 5904 ιι).
468 5852 479 5885 t
496 5830 611 5903 Signum
626 5833 670 5888 cui
682 5833 887 5891 contradicetur
900 5832 933 5887 li·
982 5834 1120 5905 ciperem,
1137 5832 1184 5905 qui
1202 5842 1380 5903 respuerent;
1395 5830 1443 5887 sed
1460 5828 1552 5885 audita
1568 5826 1708 5885 nativitato
1730 5842 1776 5883 re·
