4017 6342
233 392 286 447 {lb

233 518 391 590 religiosum
405 522 507 577 credidi
523 537 576 575 uon
595 530 694 575 tacere.
710 520 743 574 lit
757 520 885 589 quioniam
908 520 940 573 dc
958 507 1061 573 con-A

233 609 366 667 solatione
391 622 479 669 restra
507 611 645 681 proposui,
674 625 721 666 ros
735 611 869 666 salubrius
879 609 1023 675 consolari,

232 704 277 760 rel
289 704 423 759 aediticare
437 720 489 758 trun
510 706 596 768 raico,
618 704 732 773 quamsi
745 719 830 773 pauca
845 704 878 757 de
891 703 1023 772 plurilus,

232 810 294 863 qrtre
310 794 338 848 in
350 794 433 849 reteri
449 792 507 863 lege
526 793 595 848 iacta
610 804 805 857 memorantur,
825 804 921 848 restrae
936 792 1025 847 lrurui-

232 882 301 937 litati
317 883 444 938 studeant
468 884 601 940 revelare.
617 885 655 939 De
669 884 712 941 itis
733 893 825 941 atttem
851 900 911 955 qum
936 884 1025 953 pulum

232 981 306 1033 sunt,
319 982 348 1027 et
367 971 443 1028 ualle
465 976 591 1029 omuiims
613 976 686 1036 trita.
711 974 844 1029 disserere
860 973 1024 1044 supcrlluum

231 1064 375 1126 aeatiruari,
389 1064 452 1133 utria
469 1072 496 1120 ei
510 1064 647 1120 fastidium
661 1064 830 1120 auditoribus
842 1075 983 1134 generant,
997 1075 1025 1118 et

230 1160 280 1206 eos
298 1151 447 1222 ctt'ptbl'es
466 1152 593 1207 etbibeui
610 1154 644 1209 do
671 1163 837 1222 conteruptrt.
857 1154 903 1208 ilia
934 1165 1024 1208 tamen

231 1242 349 1312 proterri
366 1256 478 1300 necesse
488 1255 529 1301 est
540 1260 600 1315 quire
617 1254 642 1301 et
663 1261 678 1300 a
692 1247 769 1302 robis
782 1248 888 1317 possint
902 1246 1025 1317 intelligi,

231 1342 260 1387 et
276 1334 336 1388 ritae
355 1342 454 1391 uestrae
469 1337 661 1391 rorrvcuieuter
676 1339 774 1407 aptari.
801 1338 885 1405 igitur
899 1347 959 1407 post
973 1338 1025 1393 lle·

233 1421 367 1478 braeorum
393 1426 427 1479 de
465 1424 584 1497 AEgypro
619 1423 832 1495 prrrtiertiooem’,
854 1439 915 1499 post
938 1430 1023 1485 araris

234 1508 318 1565 llubri
337 1515 492 1579 transitum,
510 1528 569 1584 post
589 1514 777 1586 AEgrptruram
799 1520 1024 1586 exstinctionem,

234 1600 300 1671 quii
330 1602 461 1658 Dominus
483 1604 517 1660 ad
542 1606 648 1676 Moysen
679 1607 711 1660 ad
741 1623 851 1662 suorum
881 1609 1025 1663 utilitatem

234 1685 404 1763 preceperit,
431 1695 576 1767 diligenter
595 1698 757 1752 audiendum
787 1708 838 1759 cst,
853 1698 934 1770 292
946 1710 1027 1768 atoue

233 1786 393 1840 memoriter
405 1788 584 1843 retinendum.
601 1788 671 1843 Dicit
682 1790 773 1860 itaque
793 1789 899 1860 lloyses
915 1792 947 1846 atl
966 1792 1023 1845 uui·

233 1891 343 1932 uersum
355 1880 492 1949 populum,
509 1892 538 1935 ut
552 1884 737 1951 rrurrsquisquc
751 1897 799 1951 pro
815 1884 917 1938 ririlms
932 1882 1025 1939 cotd'e-
1042 1842 1064 1897 B

234 1962 298 2023 retus
315 1970 416 2025 taeurct
433 1972 650 2027 tabernaculum.
668 1973 782 2029 Collatio
793 1974 899 2045 quidem
912 1976 955 2031 illa
970 1990 1026 2029 uon

234 2056 327 2113 deludi
342 2058 399 2113 lieri
414 2060 535 2128 utralibet
550 2063 700 2127 coactione,
713 2046 759 2118 scd
772 2073 920 2132 spotttattca
933 2064 1028 2118 roluu·

234 2154 298 2203 tate.
311 2150 355 2203 dit
364 2166 479 2221 tramuue
489 2152 558 2207 Deus
568 2154 601 2206 ad
613 2152 733 2223 lloyscu,
742 2164 772 2210 ut
784 2158 976 2226 unusquisque,
987 2157 1027 2212 si·

233 2242 343 2295 ctttrisu
357 2260 371 2293 u
380 2242 538 2297 ineritcordi
549 2259 645 2308 sumen
654 2244 750 2302 oll'erat
760 2262 819 2315 utrm
831 2248 1028 2303 adeoustruen·

233 2330 296 2408 duaa
310 2332 428 2386 tuberum
439 2332 511 2387 ulum
538 2342 601 2389 sum
627 2336 778 2390 necessaria
793 2336 891 2407 turae.
909 2352 971 2403 ιιι,
988 2336 1027 2406 2).

233 2416 373 2489 inprimis
395 2420 502 2489 quidem
517 2421 549 2475 de
576 2422 749 2478 liebrmorum
776 2438 808 2478 ca
838 2424 1030 2495 AEgyptopro·

236 2512 366 2581 lectione,
393 2514 527 2567 damaris
556 2514 682 2580 transitu,
710 2516 744 2571 do
767 2516 955 2587 AEgypiiorum
981 2531 1030 2572 ex·

232 2616 249 2656 s
263 2603 380 2657 *notione
392 2603 623 2667 meutiooemieci,
633 2605 792 2674 etquouiam
805 2609 855 2662 ista
867 2608 1029 2677 quibusdem

234 2694 325 2749 clarrrst
341 2704 452 2761 smrt,ua
468 2710 589 2750 reserare
601 2697 677 2761 utile,
691 2699 744 2752 imo
755 2699 939 2754 necessarium
952 2700 1028 2755 duri.

232 2785 364 2853 erarnris
380 2785 451 2840 euim
469 2786 578 2841 realiter
593 2785 693 2842 inerint
706 2786 764 2844 ltere
776 2788 878 2851 omnia,
891 2788 974 2844 latent
988 2798 1031 2843 ta·

235 2892 298 2931 men
322 2877 348 2930 iu
365 2876 431 2947 ipsis
464 2878 657 2949 mysteriorum
686 2879 804 2949 pretiosa
829 2878 950 2935 morulis.
977 2879 1030 2935 Pet·

235 2966 384 3038 AEgrptum
401 2984 531 3038 uanaque,
552 2968 901 3039 transmutationem,
922 2971 1030 3027 Pitarao

234 3060 451 3130 princ'pairatur,
469 3076 591 3130 presens
608 3062 747 3127 saeetdunr,
758 3060 836 3131 errius
850 3063 973 3133 princeps
985 3071 1029 3120 est

236 3151 364 3216 Satanas,
380 3152 547 3219 designatur.
564 3150 648 3221 liujus
666 3154 798 3223 principis
813 3152 1064 3230 irtieiicissimumg

237 3244 404 3297 dominatum
421 3242 560 3308 llelrraeus,
579 3259 628 3315 per
641 3260 721 3315 qrretn
737 3244 860 3315 signatur
880 3245 1028 3317 idelis-po·

231 3336 327 3407 patus,
342 3336 549 3405 prouctsceado,
566 3336 592 3391 id
607 3346 648 3391 est
659 3336 836 3407 prolicienda,
854 3336 945 3411 lioyse
959 3340 1029 3399 dues

232 3428 376 3496 sapienter
398 3428 512 3484 ticritat.
538 3428 589 3495 Qui
609 3427 737 3501 AEgppto,
772 3432 896 3499 praesumi
926 3431 1029 3487 scilicet

239 3522 338 3576 soecttio
358 3522 504 3582 rettttutiat,
524 3530 552 3575 et
570 3535 648 3575 sturm
672 3520 856 3591 legislatorem
879 3521 1028 3587 Christum,

239 3609 302 3679 eius
326 3611 482 3665 inhaerendo
506 3610 651 3673 mandatis,
671 3610 814 3665 dilectione
839 3610 1028 3681 amplectitur,

240 3717 329 3771 ,rrqrae
343 3702 458 3773 amplius
472 3702 547 3756 audit
567 3716 661 3757 uocem
681 3702 831 3757 alienorum
851 3702 1028 3773 malignorum

240 3789 368 3844 uirieiicet
380 3790 535 3859 spirituum,
550 3790 596 3844 sed
615 3804 701 3858 staro,
721 3806 773 3860 oua
793 3790 880 3846 dicit:
896 3791 947 3858 Qui
966 3794 1030 3847 turibi

240 3880 383 3946 minitaret,
395 3898 435 3936 ote
448 3890 574 3951 sequautur
588 3880 678 3953 (dour.
691 3897 741 3945 ιιι,
760 3882 817 3955 26).
833 3882 906 3938 llere
920 3884 1029 3953 quidem

229 3966 374 4031 'ilrrbrum
389 3972 460 4038 urrod
477 3971 597 4027 llebruis
609 3971 660 4028 luit
674 3974 841 4043 presidium,
854 3974 1031 4047 ctAEpyptiis
1078 4026 1082 4033 .

240 4058 315 4113 dedit
342 4059 491 4123 interitum,
507 4076 576 4130 aune
592 4062 773 4131 baptismatis,
788 4062 830 4118 rel
845 4061 1030 4135 lacrynrabilis

226 4149 399 4219 -poattemta
414 4151 583 4223 intelligitur.
598 4151 675 4219 erod
687 4152 907 4209 idcircorubrum
920 4154 1031 4223 dieitur,

240 4239 304 4307 utria
318 4248 346 4294 et
356 4240 381 4293 in
396 4241 556 4310 baptismate
569 4240 668 4297 Cirrlsti
690 4242 822 4311 sanguine
843 4254 1030 4316 consecratur,

224 4340 269 4387 et
279 4330 307 4386 in
321 4332 486 4403 lacrymabili
500 4334 656 4403 poeuiteutia
671 4333 815 4403 aliquando
827 4350 912 4404 usque
923 4336 957 4391 ad
968 4352 1032 4392 saur·

239 4422 351 4491 guinem
366 4422 519 4485 oculorum,
543 4437 736 4491 nonnunquam
749 4432 838 4479 autern
852 4425 932 4497 293
946 4442 1032 4495 usurae

757 386 917 445 Gottutbt
935 381 1084 441 tubatts
1105 380 1364 439 traboctu'tntsts

1813 387 1873 444 m

1076 493 1314 550 rnorttttasriozem
1341 491 1462 548 indicant
1475 490 1623 559 ιῑιιοιιιιιις
1639 507 1690 564 per
1712 510 1822 561 aurunt,
1837 499 1875 551 d-

1074 586 1134 651 dcs,
1155 599 1204 656 pet·
1231 595 1385 655 argeutmu,
1419 584 1570 649 couimsim
1598 585 1625 640 iu
1649 599 1706 641 aere
1737 586 1874 644 tortitudo

1074 678 1248 748 exprimitur,
1282 678 1311 732 in
1347 677 1483 746 lapidibus
1511 676 1639 747 pretiosis
1662 677 1782 745 pretiosa
1806 680 1874 735 ritae

1074 779 1183 823 aeternae
1207 768 1383 837 designamur
1408 765 1526 835 cloqrtia.
1557 765 1585 820 ln
1601 764 1767 819 rattdeiabro
1791 767 1873 822 bonae

1077 861 1234 917 intentionis
1245 859 1386 915 manifesta
1400 860 1522 929 operatio
1535 858 1872 928 iratetligitur.i‘erarcarn

1076 951 1218 1015 rrreruoria,
1235 965 1283 1019 per
1299 950 1371 1020 ligna
1382 950 1462 1003 setim
1476 948 1618 1013 uturtditia,
1630 965 1679 1017 per
1691 949 1777 1020 legem
1793 965 1873 1003 ιιιιιιι·

1076 1042 1138 1095 data
1155 1041 1200 1095 Dei
1218 1041 1368 1110 signantur.
1384 1038 1481 1093 liartna
1501 1040 1687 1109 rcropietatis
1699 1039 1872 1097 dulcedinem

1075 1133 1192 1187 dicimus
1205 1149 1215 1187 :
1228 1132 1276 1187 sed
1296 1132 1411 1200 uirgam,
1423 1129 1572 1200 discipliuae
1593 1132 1781 1187 severitatem.
1796 1130 1870 1185 Prae·

1077 1223 1144 1292 cipit
1170 1222 1304 1290 bertiguus
1322 1222 1393 1277 Deus
1416 1223 1443 1275 iu
1459 1222 1516 1292 lege
1531 1236 1590 1289 stra,
1617 1237 1666 1290 pro
1686 1232 1779 1279 nostra
1795 1223 1873 1278 utill-

1077 1322 1144 1376 tutc,
1161 1329 1214 1368 uon
1229 1328 1277 1381 pro
1289 1328 1337 1367 sua
1362 1313 1534 1377 necessitate,
1550 1328 1579 1367 ιιι
1600 1313 1817 1375 tabernaculum,
1843 1313 1873 1368 id

1076 1416 1119 1459 est
1132 1404 1355 1459 structiitcatioais
1378 1404 1581 1468 habitationem,
1601 1403 1627 1457 ei
1653 1404 1797 1457 iaciamus.
1818 1402 1872 1459 libi

1076 1507 1142 1563 rjcro
1169 1493 1302 1547 itabitatio
1327 1493 1379 1547 ista
1406 1492 1529 1547 iacienda
1551 1493 1587 1548 sit
1613 1492 1655 1547 rei
1672 1492 1870 1555 cotrstrueuda,

1080 1582 1222 1650 Scriptura
1249 1582 1380 1644 insinuat,
1406 1596 1468 1636 curu
1504 1581 1592 1637 dicit:
1609 1578 1765 1649 Properate
1786 1582 1871 1634 cortis

1076 1656 1160 1727 restra
1178 1672 1289 1727 Domiuo
1305 1671 1329 1741 (ι
1352 1671 1417 1743 lleg.
1434 1688 1485 1739 ru,
1500 1673 1540 1740 5).
1557 1671 1644 1727 Corda
1661 1670 1755 1739 tutique
1774 1680 1871 1727 nostra

1078 1762 1189 1819 domiuo
1204 1778 1400 1831 praeparamus,
1414 1763 1437 1817 si
1450 1762 1501 1818 sibi
1516 1776 1548 1815 ca
1568 1759 1738 1831 receptacula
1752 1758 1869 1823 nurnda,

1080 1853 1163 1927 295
1176 1837 1236 1924 utrae
1246 1855 1326 1925 digne
1340 1854 1493 1923 inhabitate
1508 1854 1603 1925 possit,
1618 1852 1789 1908 eritibernus.
1805 1848 1871 1906 ttec

1077 1949 1161 2001 etiarm
1177 1946 1346 2017 receptacula
1359 1961 1413 2001 nou
1426 1947 1482 2000 ruit
1498 1946 1548 2000 sibi
1564 1944 1686 1999 exbiberi
1700 1958 1762 1999 curu
1778 1941 1870 2011 aliqua

1077 2038 1243 2107 diilicultate,
1259 2039 1307 2094 sed
1328 2054 1389 2094 cunt
1405 2032 1870 2093 omnideuotionisbilaritato.liul-

1080 2138 1135 2183 tum
1149 2129 1283 2185 discretus
1297 2129 1467 2200 omnipotens
1488 2127 1628 2191 Dominus,
1651 2140 1706 2181 nou
1726 2126 1801 2180 reim
1819 2124 1873 2179 iru-
1900 2160 1906 2167 .

1078 2230 1210 2293 portunus
1222 2229 1343 2285 erector,
1358 2236 1374 2275 a
1389 2221 1466 2276 nobis
1480 2220 1564 2289 exigit
1577 2234 1638 2290 quae
1655 2234 1708 2273 nou
1724 2216 1870 2281 babemus,

1079 2327 1129 2369 nec
1140 2313 1200 2381 ejus
1207 2313 1294 2383 iussio
1306 2327 1356 2367 nos
1366 2312 1417 2367 sibi
1430 2313 1503 2382 cogit
1512 2312 1610 2369 oilerre
1621 2311 1693 2380 quod
1705 2310 1871 2363 debeatesse

1078 2404 1328 2461 contrariumeordi
1342 2412 1444 2459 nostro.
1458 2401 1575 2459 Pellibus
1585 2402 1718 2470 siquidem
1730 2409 1758 2455 et
1772 2400 1872 2455 ciliciis

1080 2492 1461 2551 tairerrracuiumextrinsecus
1471 2492 1739 2563 bertctegimus,cum
1749 2491 1872 2545 exterius

1079 2585 1362 2651 etinieriusnostrum,
1377 2583 1599 2641 caruemscilicet
1611 2590 1742 2649 nostram,
1758 2582 1795 2635 ita
1806 2596 1870 2636 cunr

1079 2663 1870 2747 uitiisetcoacuptsceuitsnorttummus,otcornostrun,

1079 2769 1152 2839 quoti
1167 2767 1372 2824 tabernaculum
1387 2766 1434 2821 llel
1455 2767 1566 2833 dicitur,
1582 2766 1642 2834 cjtrs
1657 2765 1793 2821 illecebris
1816 2765 1870 2819 tui·

1080 2857 1154 2914 uinre
1167 2867 1367 2929 corrumpatur.
1383 2857 1518 2913 Drnarrrns
1530 2855 1734 2913 talernaculum
1752 2871 1832 2920 auro,
1845 2855 1870 2910 si

1079 2964 1149 3020 pura
1162 2957 1190 3004 et
1215 2948 1320 3019 integra
1335 2950 1401 3003 ildes
1413 2958 1455 3003 est
1470 2947 1496 3002 in
1511 2948 1596 3003 corde
1608 2954 1713 3001 nostro.
1725 2944 1809 3000 tides
1822 2960 1871 3003 att·

1080 3046 1133 3093 ιιιιι
1152 3053 1220 3110 pura
1233 3046 1261 3094 et
1282 3038 1387 3105 integra
1403 3037 1460 3092 baec
1481 3041 1534 3099 esi,
1549 3044 1579 3088 ut
1593 3033 1701 3088 Patrem
1716 3041 1745 3088 et
1770 3031 1870 3086 Filium

1079 3136 1107 3184 et
1120 3128 1250 3198 Spiritum
1262 3137 1385 3181 soractem
1402 3140 1484 3179 ortum
1497 3124 1581 3178 Dcurn
1594 3132 1620 3179 et
1636 3122 1781 3177 Dominum
1796 3136 1869 3183 esse,

1079 3219 1138 3275 siue
1163 3217 1252 3287 aliqua
1275 3217 1456 3277 lraesitatioue,
1484 3214 1606 3269 sedcum
1624 3211 1698 3267 omni
1725 3210 1873 3267 dilectione

1079 3308 1232 3364 credamus.
1252 3304 1328 3362 Licet
1341 3308 1413 3361 enim
1427 3304 1547 3361 Trinitas
1560 3306 1596 3359 sit
1618 3302 1643 3358 in
1658 3303 1793 3373 personis,
1817 3316 1871 3357 una

1079 3399 1136 3477 sola
1161 3408 1270 3463 natura,
1294 3414 1345 3451 mra
1374 3398 1432 3453 sola
1454 3397 1606 3451 substantia
1640 3404 1682 3450 est
1701 3394 1823 3449 deitatis.
1837 3392 1873 3448 Ει

1081 3490 1205 3561 querulis
1217 3488 1286 3542 alius
1300 3489 1335 3541 sit
1349 3487 1442 3554 Pater,
1459 3486 1527 3541 alius
1551 3484 1645 3549 Filius,
1661 3484 1730 3539 alius
1745 3481 1869 3553 Spiritus

1081 3593 1205 3647 sanetus,
1221 3597 1273 3636 uon
1297 3591 1385 3636 tanuen
1401 3581 1473 3635 aliud
1487 3579 1581 3645 Pater,
1597 3577 1668 3633 aliud
1683 3577 1780 3643 Filius,
1794 3576 1869 3631 aliod

1083 3673 1200 3746 Spiritus
1223 3683 1344 3736 sauctus,
1374 3672 1420 3727 sed
1446 3670 1526 3726 Pater
1548 3678 1577 3725 et
1598 3668 1682 3723 Filius
1703 3675 1731 3724 ct
1752 3665 1872 3737 Spiritus

1080 3775 1193 3820 sauctus
1207 3772 1262 3818 trcs
1287 3762 1396 3833 quidem
1423 3769 1487 3816 suut
1500 3774 1632 3830 personae,
1645 3767 1675 3812 ut
1695 3757 1824 3822 diximus,
1843 3765 1875 3810 et

1082 3856 1140 3912 istae
1155 3864 1209 3910 tres
1224 3869 1356 3923 personae,
1373 3866 1442 3907 uuus
1461 3860 1502 3906 est
1516 3850 1597 3916 Deus,
1624 3851 1704 3903 unius
1718 3847 1802 3903 soiius
1828 3862 1873 3901 na-

1083 3954 1160 4007 turae,
1176 3944 1256 3998 unius
1271 3941 1356 3998 solius
1370 3940 1529 3998 substantie
1542 3949 1623 4010 atque
1637 3943 1774 3994 esseutiae.
1788 3938 1823 3992 Et
1838 3952 1874 3991 ne

1082 4035 1108 4091 iu
1118 4036 1251 4091 creatrice
1263 4035 1382 4091 omnium
1398 4043 1583 4090 creaturarum
1596 4031 1739 4093 Trinitate,
1753 4029 1874 4086 cuiuibil

1084 4138 1126 4184 est
1142 4126 1316 4199 impossibile,
1342 4127 1442 4197 aliquid
1466 4127 1529 4182 lude
1543 4124 1605 4179 ildei
1627 4122 1795 4179 contrarium
1810 4136 1876 4176 sen·

1086 4224 1195 4286 tiaums,
1208 4222 1234 4275 iu
1243 4221 1458 4275 buuranisetiam
1469 4216 1603 4273 creaturis
1615 4230 1719 4279 eoruur,
1729 4229 1791 4283 quae
1800 4211 1875 4267 diets

1084 4323 1158 4377 suut,
1174 4313 1379 4369 similitudinem
1394 4310 1534 4365 babemus.
1553 4308 1582 4363 ln
1601 4306 1667 4377 ipsis
1677 4306 1780 4359 etenim
1794 4318 1875 4359 crea-

1084 4403 1152 4459 turis
1164 4404 1290 4473 qrtaedanr
1306 4400 1489 4462 inueniuntur,
1504 4412 1564 4468 qtrae
1578 4394 1701 4451 liceitria
1716 4392 1783 4460 sint,
1793 4390 1875 4462 295

238 4512 275 4567 ad
293 4514 384 4568 caruis
402 4512 612 4567 macerationem
637 4513 804 4581 peruenitur.
822 4514 850 4569 lu
864 4516 916 4571 boe
940 4517 1031 4587 itaquae
1048 4502 1071 4561 D
1086 4504 1114 4549 0¹
1127 4494 1338 4563 l¹¹¹¹¹¹¹¹il¹¹⁰i¹ilue
1353 4504 1446 4546 0⁰l¹¹ffl
1463 4488 1599 4557 bilbilim
1614 4484 1641 4541 5¹¹
1659 4498 1689 4539 ὅθ
1701 4482 1800 4538 hilm!
1815 4496 1876 4551 per·

241 4601 311 4657 tuari
326 4600 472 4656 aduersarii
497 4601 582 4655 nostri
598 4600 718 4673 AEgyptii
738 4600 914 4669 suffocamur,
928 4606 989 4674 quia
1003 4617 1032 4663 et

240 4706 291 4762 per
306 4692 481 4763 baptismum,
512 4700 540 4744 et
565 4705 613 4761 per
639 4692 825 4761 poeniteutiam
850 4692 1031 4766 laerymarum

241 4793 353 4853 peccata
378 4792 405 4838 et
419 4783 534 4839 eriuriua
551 4792 652 4846 nostra,
670 4799 730 4853 qrtae
747 4784 818 4839 iuter
832 4800 881 4841 nos
900 4796 928 4841 st
947 4787 1031 4843 Deum

241 4884 380 4939 separant,
395 4874 604 4929 mortificantur.
629 4874 939 4945 'tabernaculumuude
959 4879 1032 4951 ioqui

243 4964 362 5018 urarime
381 4965 460 5035 coepi,
474 4965 589 5035 pellibus
605 4974 633 5021 et
643 4966 739 5023 ciliciis
751 4968 931 5027 ’extrinsecus
948 4969 1033 5028 luisse

240 5063 412 5117 conpertum,
436 5054 600 5111 intrinsecus
622 5071 685 5112 rero
704 5072 771 5113 atrro
789 5066 816 5113 et
840 5070 962 5131 argento,
978 5077 1033 5117 aero

242 5156 258 5195 a
273 5157 326 5211 mre
340 5141 474 5211 lapidibus
489 5146 625 5214 pretiosis,
645 5145 790 5218 multisque
801 5147 869 5211 aliis,
887 5150 1033 5221 dequibus

243 5232 388 5287 dicemimu
405 5250 453 5303 per
473 5235 577 5305 singula
592 5239 776 5307 necessarium
795 5242 875 5295 modo
887 5257 938 5297 rrou
957 5241 1032 5297 arbi·

244 5332 314 5389 tror,
326 5323 440 5393 legimus
451 5328 621 5383 adornatum.
640 5328 668 5383 lu
682 5330 856 5385 tabernaculo
876 5332 958 5385 ctiam
973 5340 1034 5386 erat

243 5416 448 5481 caudelabrum,
469 5428 497 5478 et
516 5434 579 5475 arua
598 5419 632 5475 de
647 5420 727 5491 lignis
750 5422 827 5476 setim
843 5421 991 5488 fabricata;
1008 5429 1035 5477 et

245 5508 315 5564 iutra
338 5526 439 5575 arcam,
469 5520 499 5566 ut
520 5510 629 5579 iegitur,
661 5511 715 5576 lert,
743 5522 771 5567 ot
799 5503 1033 5582 nrarrna,ettirg'a

245 5598 336 5655 Aaron
357 5602 568 5657 continebantur
583 5600 677 5671 (llcbr.
695 5618 733 5667 rs,
758 5602 797 5671 l).
813 5600 1030 5656 'lairernaeolum

247 5692 382 5762 significat
394 5694 555 5758 Ecclesiam,
568 5694 804 5764 congregationem
817 5692 940 5747 uidelicet
951 5692 1036 5763 justo-

248 5798 308 5839 wtn
319 5800 327 5853 ;
338 5784 422 5857 pelles
433 5793 461 5842 et
474 5784 575 5852 cilicia,
586 5783 683 5855 quibus
704 5782 872 5843 exitittsrictts
883 5782 1033 5853 iegebdittt,

1082 4599 1176 4640 sonam
1190 4598 1280 4645 nnana,
1295 4580 1473 4650 carttdcmque
1484 4587 1608 4632 naturam
1621 4575 1731 4637 babent,
1743 4582 1771 4627 et
1781 4585 1874 4637 unam,

1085 4674 1264 4743 eamdemque
1293 4672 1484 4727 substantiam.
1501 4667 1647 4723 Veniamus
1662 4667 1752 4734 itaque
1766 4663 1799 4717 ad
1817 4663 1876 4717 iorr·

1086 4776 1150 4833 tent,
1166 4774 1195 4820 et
1208 4764 1291 4820 iorttis
1305 4763 1392 4817 riruru
1406 4762 1611 4816 consideremus
1620 4775 1627 4811 ι
1636 4770 1734 4826 aonam
1746 4755 1828 4809 ctiam
1843 4752 1876 4807 ab

1088 4872 1204 4929 utroque
1214 4856 1419 4926 procedentem,
1431 4852 1502 4923 quod
1516 4851 1642 4906 uidelicet
1657 4857 1782 4918 stagnum
1796 4859 1877 4899 roca·

1086 4959 1142 5017 tur,
1157 4948 1334 5005 uilrilomiuus
1349 4947 1501 5000 uirleauuts.
1518 4944 1588 4997 Ecce
1608 4940 1719 5003 iontem,
1735 4938 1836 5001 tirum,
1850 4944 1877 4989 et

1087 5048 1224 5109 stagnum,
1244 5046 1299 5091 tres
1311 5048 1440 5105 personas
1453 5031 1605 5086 iureuimus
1618 5046 1626 5082 r
1639 5038 1667 5083 et
1679 5028 1741 5081 iicet
1751 5026 1806 5080 siut
1821 5034 1876 5079 tres

1087 5143 1224 5200 personae,
1239 5144 1292 5183 una
1308 5138 1397 5181 tameo
1415 5130 1457 5179 est
1479 5137 1561 5191 antra,
1572 5129 1600 5200 et
1613 5134 1689 5189 notrae
1702 5133 1754 5171 uua
1767 5116 1876 5172 eadem·

1087 5238 1141 5292 que
1158 5232 1254 5275 natura
1270 5228 1352 5288 uttpue
1364 5216 1526 5273 substantia.
1539 5214 1687 5283 Argentum
1702 5211 1736 5265 ad
1749 5210 1874 5263 decorem

1086 5310 1257 5367 tabernaculi
1285 5307 1434 5371 oderimus,
1455 5320 1517 5360 cunr
1544 5318 1592 5374 per
1608 5316 1699 5356 reram
1712 5308 1740 5354 ct
1752 5306 1874 5353 sanctam

1075 5401 1283 5457 -coatcsstouem
1307 5399 1415 5451 animas
1441 5405 1550 5450 nostras
1577 5392 1611 5447 ab
1625 5391 1698 5445 onmi
1712 5386 1876 5457 contagione

1086 5491 1192 5562 peccati
1208 5498 1236 5545 ct
1249 5487 1373 5544 criminis
1393 5485 1564 5541 nmudamus.
1581 5481 1635 5539 Sed
1649 5481 1705 5547 ubi,
1726 5486 1754 5534 et
1775 5476 1831 5541 cui,
1847 5485 1876 5530 ct

1088 5584 1196 5655 quaudo
1206 5580 1340 5637 couiessio
1353 5580 1410 5648 ipsa
1426 5578 1484 5641 irat,
1497 5576 1568 5631 sciro
1579 5572 1716 5628 debemus.
1732 5568 1803 5625 libii
1818 5583 1874 5627 nou

1088 5674 1160 5744 apati
1174 5672 1327 5734 irreteticoS,
1340 5672 1409 5724 sicui
1420 5680 1490 5737 saepe
1502 5664 1579 5729 solet,
1588 5663 1699 5718 tertsm
1710 5662 1736 5715 iu
1751 5660 1875 5714 Ecclesia

1088 5766 1223 5825 catholica
1250 5773 1469 5833 rtrrumqtrcmque
1490 5756 1676 5814 Cluistiarmm
1696 5764 1809 5811 messe
1833 5759 1876 5805 cst
