4017 6342
140 318 211 377 llll
616 328 905 393 nantonttdtohes
925 330 975 389 SS.
996 331 1153 389 errauit.
1173 361 1208 373 -
1227 332 1292 389 itit.
1313 330 1344 388 il.
1529 367 1531 370 ·
1722 340 1791 400 lll8

140 435 255 492 luerunt
275 450 340 507 quac
353 440 463 508 ridetis,
479 449 506 496 et
520 457 575 497 ιιοιι
590 442 724 513 ridcruut,
738 456 764 502 et
777 448 872 503 audire
886 464 947 519 quac
961 457 983 513 ,t
998 447 1025 501 in
1038 445 1124 503 Deum
1139 456 1182 503 est
1195 447 1274 518 origo
1288 446 1442 505 dilectionis
1456 447 1483 503 iu
1495 448 1662 520 proximum,
1680 462 1707 510 ct
1722 455 1791 511 dile·

144 528 256 595 auditis,
273 537 303 585 et
321 544 379 587 non
401 532 548 587 audierunt
567 531 643 605 (lue.
661 552 731 606 ruq.
750 557 759 589 ι
775 536 837 594 lllos
851 542 946 597 oeulos
999 539 1054 594 etio
1065 538 1092 593 in
1104 539 1259 609 proximum
1276 540 1396 611 cognitio
1411 550 1453 597 est
1465 542 1619 601 dilectionis
1637 545 1666 601 in
1689 545 1790 603 Deum.

146 621 212 679 dicit
233 620 332 677 beatos
361 623 409 693 qui
435 634 605 679 sacramenia
634 623 737 682 Christi
766 640 945 700 cognoscunt.
998 627 1027 683 lu
1051 632 1138 687 trihus
1165 632 1248 687 rebus
1270 633 1380 688 dilectio
1404 632 1452 689 Dei
1469 635 1646 704 exprimitur,
1668 642 1699 693 ιιί
1720 638 1792 695 nihii

146 714 292 785 Prophetae
310 724 338 771 et
350 715 418 785 justi
443 715 514 771 sicut
528 715 612 773 isaias
627 726 653 773 et
667 718 805 775 Alrralram
821 721 947 779 uiderunt
998 734 1140 780 remancat
1151 726 1177 779 iu
1192 726 1303 781 lromiuc
1314 726 1386 796 equod
1397 742 1452 783 non
1463 728 1562 783 dirinae
1572 730 1711 786 dilectioni
1724 730 1792 787 sub-

149 808 178 865 in
205 808 351 878 enigmate
369 818 397 863 et
416 822 471 864 ιιοιι
488 810 515 863 in
531 810 630 881 specie.
647 809 784 866 hhraham
800 815 948 871 exsultarit
997 814 1089 869 dator.
1110 813 1179 869 Nam
1205 816 1271 871 dum
1298 817 1400 873 dicitur
1421 837 1426 871 :
1446 836 1456 870 r
1477 817 1564 889 Dilige
1579 819 1664 875 Deum
1683 836 1718 875 ex
1733 830 1791 877 toto

150 912 181 957 ut
198 900 302 955 videret
326 900 399 956 diem
423 900 526 957 Christi
543 917 549 953 :
565 910 593 955 ct
614 900 682 955 vidit
706 910 733 957 et
754 904 865 975 gavisus
893 916 944 962 est.
997 902 1159 969 cordetuo,
1177 923 1187 957 ι
1204 920 1300 960 omnes
1316 906 1497 978 cogitationes
1514 909 1541 963 in
1560 908 1644 965 Deum
1668 909 1792 967 referen-

149 994 234 1050 lsaias
250 1002 278 1049 el
301 993 347 1049 alii
371 994 511 1064 prophetat
535 994 663 1049 uiderunt
678 994 792 1064 gloriam
814 995 943 1053 Domini:
997 996 1047 1051 das
1062 995 1201 1065 praecepit.
1218 996 1288 1051 Dum
1308 1014 1373 1053 rere
1393 1000 1494 1054 dieitur
1511 1019 1520 1051 ι
1537 1016 1571 1055 ex
1589 1011 1645 1056 tota
1657 1003 1759 1069 anima,
1777 1024 1787 1054 ι

149 1087 262 1141 undeet
275 1086 398 1141 rirlcntes
415 1093 480 1141 suut
493 1085 636 1155 appellati;
653 1088 700 1141 sed
717 1087 861 1157 aerrigmate
872 1088 946 1145 ride·
996 1101 1093 1141 omues
1114 1086 1272 1143 affectiones
1288 1088 1388 1143 animae
1409 1091 1443 1144 ad
1466 1088 1553 1145 Deum
1574 1090 1670 1147 relerri
1693 1092 1789 1163 iussit.

147 1186 225 1244 runt,
241 1193 294 1233 ιιοιι
310 1177 337 1231 in
353 1178 572 1247 praesentiarum,
593 1187 623 1232 ut
637 1179 763 1247 apostoli,
777 1181 824 1249 qui
840 1196 945 1251 nequa·
997 1175 1068 1232 Duru
1086 1192 1151 1231 uero
1165 1176 1266 1247 adjecit
1281 1196 1290 1231 ι
1307 1194 1338 1233 ιιι
1356 1186 1413 1233 tota
1438 1188 1530 1233 ruente
1547 1200 1557 1231 ι
1580 1197 1689 1237 οιιιιιιιιι
1704 1183 1791 1236 ratio·

147 1284 233 1338 quam
249 1283 296 1337 per
315 1266 427 1337 angelos
451 1278 480 1339 ut
504 1266 594 1321 varias
606 1266 743 1323 visionum
759 1269 863 1339 speeies
875 1287 945 1341 opus
996 1284 1059 1325 nem
1074 1269 1177 1324 indicat
1198 1270 1363 1337 humanam,
1376 1286 1430 1340 qua
1450 1271 1627 1341 intelligimus
1640 1283 1667 1327 ct
1683 1273 1789 1328 discer-

146 1360 287 1415 habehaut
302 1359 403 1415 doceri.
417 1359 493 1427 Quos
510 1359 600 1415 Lucas
618 1374 695 1429 reges
706 1360 782 1425 dicit,
800 1360 945 1419 hlotthaeus
995 1360 1089 1414 nimus
1102 1360 1222 1415 iurebus
1235 1361 1336 1416 diriuis
1346 1376 1407 1415 esse
1420 1361 1679 1431 occupandamUhi
1697 1374 1788 1419 autern

143 1453 237 1525 justos
254 1450 368 1523 (Dotth.
381 1453 443 1523 arn)
456 1451 583 1522 appellat,
598 1452 768 1524 quia'magni
791 1468 868 1525 reges
882 1462 946 1509 sunt
995 1451 1063 1507 dicit
1078 1470 1088 1503 ι
1103 1468 1136 1506 ex
1162 1460 1217 1507 tota
1233 1452 1333 1507 virtute
1354 1472 1364 1505 ι
1385 1453 1488 1507 bonum
1515 1456 1724 1524 perseverantiae
1747 1457 1790 1511 in-

145 1546 197 1616 qui
214 1546 394 1602 tcutmionum
419 1560 532 1601 suarum
555 1545 676 1600 motibus
694 1546 812 1615 regendo
829 1561 946 1615 pracesse
993 1542 1094 1615 jungit.
1118 1541 1186 1599 ltem
1205 1544 1261 1599 dno
1287 1552 1352 1599 sunt
1380 1559 1445 1615 erga
1471 1544 1589 1614 proximi
1616 1545 1789 1601 dilectionem

144 1644 294 1705 noverunt,
314 1651 368 1691 non
383 1636 572 1693 succumbere.
589 1636 658 1692 Nota
676 1636 740 1708 quia
754 1638 845 1693 minor
858 1640 944 1710 gratia
995 1635 1146 1702 servanda,
1174 1643 1204 1691 ut
1218 1644 1245 1691 et
1262 1634 1388 1690 beuehcii
1410 1635 1581 1707 irrepensione
1600 1634 1737 1705 loreatnr,
1762 1649 1791 1693 et

145 1728 297 1799 minorque
325 1737 559 1785 sacramentorum
588 1728 691 1784 Christi
718 1730 813 1785 notitia
839 1730 889 1787 luit
916 1732 942 1785 ιιι
995 1728 1070 1782 nulla
1086 1725 1188 1781 malitia
1203 1726 1327 1783 laedatur.
1343 1727 1454 1784 llocest
1469 1747 1476 1782 :
1493 1747 1502 1779 ι
1520 1727 1596 1795 Quod
1618 1729 1666 1784 tibi
1681 1730 1789 1785 nonris

143 1821 291 1891 prophetis
304 1836 385 1893 quam
406 1822 433 1877 in
450 1822 589 1891 apostolis,
606 1822 652 1892 qui
666 1824 816 1891 presertim
828 1832 942 1893 accepto
958 1816 978 1871 li
993 1818 1061 1882 heri,
1072 1818 1175 1873 aliisue
1187 1817 1370 1888 iecorisffob.
1379 1822 1428 1889 rr),
1444 1828 1510 1874 ret:
1526 1837 1535 1870 ι
1548 1816 1646 1873 Omnia
1657 1835 1789 1888 quaecun·

145 1912 256 1983 Spiritu
279 1922 374 1969 saneto
394 1911 525 1967 mundum
548 1912 631 1967 etiam
654 1912 868 1970 illustraverunt.
892 1912 943 1968 Vc·
992 1926 1046 1982 que
1058 1911 1216 1981 approbatis
1228 1920 1258 1966 ut
1269 1910 1372 1967 iaciant
1384 1911 1462 1967 robis
1477 1911 1612 1979 homines,
1624 1912 1682 1968 haec
1697 1920 1725 1971 et
1739 1929 1788 1970 tos

143 2016 305 2061 rnmtamea
327 2005 410 2075 aliqui
432 2005 636 2075 prophetarum,
652 2014 680 2059 ct
697 2004 845 2075 aliquando
859 2022 943 2077 supra
993 2000 1076 2059 facite
1096 2004 1150 2058 illis
1175 2001 1284 2074 (Mutela.
1301 2004 1360 2076 ιιι).
1385 2002 1488 2059 »Licet
1510 2003 1593 2076 igitur
1611 2004 1720 2061 diversa
1732 2004 1790 2061 sint

144 2097 289 2153 hominem
304 2096 384 2167 rapti,
404 2096 464 2152 sinc
475 2098 618 2169 aenigmate
632 2099 807 2168 contemplati
823 2108 887 2155 sunt
901 2099 944 2153 iu·
992 2104 1150 2167 praccepta,
1170 2095 1272 2167 quihus
1289 2104 1337 2151 aut
1354 2096 1459 2151 utiliter
1474 2112 1536 2166 quae
1557 2105 1624 2151 suut
1637 2098 1789 2168 appetenda

144 2190 294 2245 tellectuali
313 2190 428 2255 risione,
444 2198 474 2244 ut
490 2188 637 2260 Apostolos
651 2188 696 2261 (ll
711 2189 774 2246 Gor.
788 2191 849 2263 ru).
867 2190 943 2247 Unde
993 2188 1144 2259 capimus,
1167 2196 1216 2243 aut
1230 2204 1293 2259 quac
1307 2188 1418 2243 vitanda
1434 2198 1499 2243 sunt
1514 2187 1616 2244 utiliter
1634 2204 1790 2260 praecavea-

144 2280 281 2337 Dominus
296 2282 323 2337 in
337 2282 408 2337 libro
423 2279 555 2337 Numeri:
571 2300 581 2333 ι
600 2280 703 2353 siquis
719 2280 800 2338 luerit
812 2282 881 2339 inter
895 2299 943 2340 ros
994 2296 1068 2348 mus,
1086 2297 1172 2336 ιιιιιιιιι
1190 2290 1281 2337 tamen
1297 2289 1363 2337 suut
1383 2281 1411 2336 in
1434 2279 1527 2336 radice
1539 2281 1703 2349 charitatis,
1723 2282 1789 2352 quia

144 2375 280 2445 propheta
302 2372 421 2439 Domini,
435 2373 463 2429 iu
486 2372 592 2429 risione
615 2373 752 2443 apparebo
775 2372 810 2441 ei,
836 2374 878 2429 rel
895 2388 944 2445 pcr
993 2374 1022 2429 in
1044 2374 1192 2431 dilectione
1203 2374 1251 2430 Dei
1270 2383 1296 2430 et
1311 2374 1430 2446 proximi
1446 2372 1536 2429 lacere
1551 2374 1693 2429 debemus.
1706 2373 1790 2429 licete

113 2520 118 2527 .
144 2468 286 2523 sonrnium
302 2468 400 2539 loquar
413 2468 446 2523 ad
461 2468 547 2522 illum.
565 2467 740 2524 atrocitatis
756 2484 850 2525 servits
866 2482 943 2523 meus
994 2465 1087 2537 itaque
1097 2465 1163 2521 dicit
1174 2465 1260 2537 legem
1279 2475 1305 2519 et
1317 2465 1467 2537 prophetas
1480 2461 1577 2519 relerri
1589 2462 1624 2518 ad
1635 2464 1691 2519 duo
1711 2480 1790 2518 ιιιιιι-

144 2558 265 2631 Moyses.
291 2557 344 2615 Dre
367 2558 440 2615 euim
462 2559 496 2615 ad
517 2575 549 2615 os
570 2559 667 2630 loquor
681 2559 705 2615 oi
720 2570 746 2615 ct
767 2574 821 2613 aron
842 2558 942 2630 palam,
993 2556 1056 2613 data
1081 2556 1245 2621 charitatis,
1265 2557 1329 2627 quia
1356 2564 1432 2611 totos
1449 2552 1604 2626 Decalogus
1630 2563 1658 2609 ct
1683 2556 1788 2611 monita

145 2668 202 2707 raon
217 2666 267 2722 per
276 2652 422 2722 aenigmata
440 2660 467 2707 ct
482 2650 583 2723 hgrtras
597 2650 744 2707 Dominum
760 2650 832 2707 ridet
846 2648 941 2712 (Νιιιι.
993 2650 1189 2719 prophetarum
1204 2646 1240 2702 ihi
1257 2648 1361 2702 hahent
1372 2646 1465 2702 linem.

144 2743 209 2812 xta).
228 2740 381 2813 »Sequitur
398 2760 405 2797 :
422 2760 431 2793 ι
448 2740 480 2797 Ει
493 2756 557 2797 ecce
574 2741 685 2811 quitiam
697 2742 868 2813 legisperitus
883 2757 944 2797 sur·
1033 2762 1042 2793 i
1057 2740 1090 2797 Et
1102 2743 1141 2796 ait
1153 2742 1191 2795 illi
1207 2740 1301 2795 Scriba
1318 2759 1324 2793 :
1341 2739 1424 2807 Bene,
1449 2740 1595 2812 magister,
1619 2741 1647 2795 iu
1665 2743 1786 2796 veritate

145 2834 220 2889 rexit
235 2842 344 2889 tentans
360 2833 446 2901 illum,
458 2834 567 2889 dicens:
585 2832 723 2903 Magister,
739 2832 804 2905 quid
820 2832 944 2890 iaciendo
994 2834 1106 2900 dixisti,
1132 2833 1197 2905 quia
1226 2849 1299 2889 araus
1323 2844 1365 2888 cst
1393 2832 1483 2901 Deus,
1495 2843 1521 2889 et
1540 2849 1595 2888 non
1610 2833 1790 2903 aliuspraeter

145 2926 232 2981 uitam
257 2934 386 2981 aetornam
403 2924 566 2995 possidebo?
584 2923 713 2980 Pharisaei
734 2924 856 2981 ridentes
878 2924 943 2995 quia
993 2942 1057 2981 cum
1070 2967 1079 2993 ,
1093 2934 1121 2980 et
1136 2935 1167 2980 ut
1181 2925 1311 2997 diligatur
1325 2939 1358 2980 ex
1372 2933 1430 2979 toto
1444 2924 1539 2992 eorde,
1550 2934 1577 2980 et
1589 2942 1622 2980 cx
1637 2933 1694 2979 toto
1706 2924 1788 2980 intel·

144 3018 287 3076 silentium
307 3017 484 3091 imposuisset
514 3016 680 3083 Saddoeacis,
700 3027 885 3073 convenerunt
915 3016 942 3071 in
994 3018 1162 3087 lectu,etex
1184 3026 1240 3073 tota
1263 3016 1451 3084 auima,eter
1473 3028 1529 3073 tota
1547 3017 1707 3075 tortitudine
1731 3037 1738 3073 ε
1760 3025 1788 3073 et

146 3127 244 3167 narum.
254 3110 288 3166 Et
301 3110 416 3166 accessit
430 3124 501 3165 unrrs
515 3108 547 3165 dc
559 3107 673 3175 Scribis,
685 3110 753 3181 legis
768 3109 873 3176 doctor,
887 3118 944 3167 ten·
957 3157 977 3213 C
994 3111 1108 3183 diligere
1132 3111 1287 3182 proximum
1308 3120 1438 3183 tarrquam
1460 3112 1600 3183 seipsum,
1624 3112 1715 3183 nrajus
1743 3120 1788 3168 est

144 3214 210 3261 tans
224 3222 298 3273 enan,
312 3213 340 3260 et
355 3204 450 3260 dicens
463 3222 470 3257 ε
484 3202 624 3274 Magister,
638 3203 710 3273 quod
727 3211 770 3259 est
783 3205 942 3260 mandatum
994 3202 1124 3259 omnibus
1143 3203 1411 3259 holocautomatibus
1431 3210 1458 3258 et
1473 3204 1625 3260 sacriliciis.
1642 3201 1787 3259 »Ostendit

144 3314 277 3370 rrragnum
300 3298 327 3354 in
344 3296 420 3369 lege?
437 3316 445 3349 ι
463 3294 594 3351 Videlicet
618 3294 747 3351 Pharisaei
761 3305 789 3353 et
802 3296 943 3353 Sadducaei
994 3313 1029 3353 ex
1042 3296 1095 3353 hac
1105 3296 1286 3366 responsione
1301 3294 1397 3350 Scriba
1413 3311 1524 3368 gravem
1537 3312 1609 3368 saepe
1625 3297 1696 3351 iuter
1712 3294 1788 3352 Scri·

143 3392 219 3448 iuter
231 3408 261 3447 se
272 3390 404 3447 contrarii
416 3396 517 3457 essent,
538 3397 627 3445 ιιιιιιιι
642 3390 700 3460 pari
722 3398 812 3447 tnerrtc
825 3406 943 3447 consen·
994 3388 1044 3447 bas
1068 3398 1095 3444 ct
1119 3386 1274 3443 Pharisaeos
1302 3386 1388 3444 luisse
1410 3388 1592 3460 quaestionem
1616 3390 1689 3459 quod
1714 3395 1788 3445 esset

143 3494 243 3539 serunt
263 3483 296 3537 ad
322 3482 466 3538 Dominum
484 3483 654 3539 tentandum.
676 3481 753 3548 Quod
776 3483 891 3555 legimus
904 3481 945 3539 le·
994 3472 1155 3537 nrarrdatom
1171 3479 1333 3547 maximum,
1349 3480 1516 3552 quibusdam
1530 3480 1635 3537 hostias
1654 3490 1682 3536 et
1701 3481 1788 3536 saeri-

143 3576 219 3631 cissc
240 3574 382 3631 llacrodem
404 3583 431 3631 et
452 3574 569 3631 Pilatum
585 3576 612 3631 in
631 3590 696 3631 nece
714 3574 832 3633 Domini.
848 3575 943 3631 Phari·
994 3574 1055 3629 licia
1069 3572 1255 3638 laudantibus,
1268 3570 1331 3627 aliis
1347 3572 1410 3627 lidei
1421 3572 1611 3629 etdilcctionis
1622 3588 1706 3643 opera
1722 3588 1789 3643 prae·

144 3667 210 3723 reris
232 3682 304 3739 saepe
323 3666 483 3734 confutatis,
500 3666 605 3723 malitia
621 3675 648 3722 ct
664 3666 734 3721 liror
748 3666 834 3721 nutrit
854 3666 944 3737 impu·
995 3658 1155 3731 serentibus,
1166 3678 1200 3719 co
1213 3663 1287 3733 quod
1303 3663 1396 3734 plures
1406 3662 1500 3721 Patres
1512 3663 1671 3736 antelegem
1685 3665 1789 3735 absque

143 3758 454 3828 dentiamltaqucrmdi
469 3756 608 3813 anteritate
623 3756 797 3813 multitudine
809 3772 839 3813 se
853 3772 944 3813 arura·
993 3755 1068 3810 orrrui
1086 3754 1261 3809 rictirrrarum
1277 3763 1305 3808 et
1316 3753 1514 3810 sacriheiorum
1537 3756 1735 3811 consuetudine
1753 3769 1786 3809 ex

142 3858 247 3903 ιιιιιιιι
269 3849 391 3904 diceutes
414 3846 485 3919 apud
508 3862 538 3905 se
564 3866 571 3902 :
595 3846 696 3903 Omnes
723 3847 869 3917 loquamur
895 3862 944 3917 per
993 3847 1175 3912 lidetautum,
1192 3862 1316 3919 quaeper
1337 3844 1512 3901 dilectionem
1527 3854 1657 3916 operatur
1671 3842 1743 3914 (Gal.
1759 3844 1788 3914 r)

143 3956 245 4007 ιιιιιιιιι,
263 3950 292 3996 ut
306 3941 329 3997 si
347 3938 428 3995 luerit
444 3939 541 4006 rictus,
564 3940 689 3994 rideatur
702 3938 844 3995 conclusus.
859 3937 944 4009 llagi·
993 3937 1173 4010 placuissent,
1187 3955 1268 3994 nemo
1283 3946 1376 3993 autem
1391 3936 1495 4007 absque
1511 3935 1564 3991 liele
1588 3944 1615 3992 et
1642 3936 1789 3991 dilectione

143 4040 236 4089 strum
260 4040 349 4097 rneat,
365 4030 444 4101 eujus
466 4046 522 4085 non
536 4031 595 4085 ruit
615 4044 677 4084 csse
688 4029 849 4099 discipulus.
868 4026 942 4083 Sim·
993 4050 1042 4105 per
1056 4034 1201 4089 sacrificia.
1218 4032 1274 4091 Nos
1288 4042 1380 4088 autem
1395 4047 1525 4101 magnum
1539 4039 1565 4084 ct
1576 4028 1694 4100 primam
1707 4044 1787 4082 urari-

142 4120 315 4193 plieissirnus
330 4122 513 4191 interrogator
532 4129 559 4175 ct
572 4120 786 4192 malignissimus
799 4118 943 4175 insidiator
993 4124 1088 4179 datum
1114 4122 1233 4179 dicimus
1248 4130 1384 4193 quantum
1410 4120 1444 4176 ad
1464 4119 1635 4189 dignitatem.
1656 4116 1787 4187 Alioquin

142 4216 181 4269 dc
195 4230 292 4284 rrragno
306 4213 434 4269 nrandato
449 4213 596 4284 interrogat
612 4213 659 4283 qui
673 4212 880 4269 neeminimum
894 4212 944 4267 ob·
994 4216 1098 4272 utilitas
1123 4214 1317 4269 trraodatorum
1342 4210 1390 4267 Dei
1423 4228 1476 4267 una
1504 4218 1562 4276 cst,
1587 4218 1615 4263 et
1635 4209 1676 4263 sic
1694 4207 1787 4265 ornriia

143 4302 306 4361 sectabilis
319 4303 482 4359 PDiffldDDDl
503 4304 672 4375 illiDPt'ngl'D
686 4301 824 4374 demdjol'i
837 4300 943 4373 justitia
994 4308 1047 4365 sili
1068 4309 1219 4373 (pohaerenl,
1238 4315 1269 4361 ut
1282 4306 1399 4360 alterum
1421 4319 1550 4360 essenon
1567 4301 1654 4372 possit
1671 4300 1730 4356 sine
1745 4300 1787 4354 gl.

143 4395 194 4467 qui
215 4396 348 4450 minorent
360 4393 514 4465 oonrplerit.
995 4410 1064 4468 tero,
1081 4410 1110 4455 ut
1121 4399 1329 4455 luridamentum
1342 4398 1462 4453 dicimus
1478 4396 1575 4450 melius
1587 4409 1659 4459 esse,
1672 4408 1734 4447 cum
1750 4402 1788 4447 ta·

186 4506 195 4536 ·
216 4486 261 4541 Ait
275 4486 313 4539 illi
327 4482 408 4541 lesus
421 4503 427 4541 :
440 4484 563 4540 Plinium
574 4482 697 4539 omnium
714 4483 870 4539 ”tandeim
883 4491 941 4539 0⁵12
959 4507 1057 4565 gmon
1081 4508 1131 4547 nec
1150 4490 1359 4545 fundamentum
1375 4489 1435 4545 sinc
1449 4484 1640 4549 aedificatione,
1656 4500 1708 4538 uec
1733 4483 1786 4538 ista

143 4576 230 4640 hodi,
245 4574 339 4643 lsrael,
361 4574 493 4631 Dominus
509 4574 655 4630 nourrius
672 4573 826 4631 hausurus
842 4584 894 4629 est.
909 4574 943 4630 Et
994 4584 1054 4639 siue
1072 4583 1118 4637 itio
1130 4599 1192 4639 esse
1206 4580 1303 4652 possit.
1331 4579 1389 4636 hon
1414 4578 1497 4649 igitur
1518 4576 1724 4631 iuridaioemom
1744 4583 1787 4630 est

144 4671 245 4742 diliges
266 4670 412 4725 hominurn
439 4669 524 4727 nerim
540 4681 616 4728 tuum
632 4684 666 4724 ox
682 4668 831 4725 totocorde
844 4677 901 4735 ruo,
916 4677 944 4724 et
995 4676 1090 4731 utitius
1103 4674 1295 4743 adiuratione,
1308 4673 1357 4729 sed
1372 4670 1492 4744 dignius,
1504 4671 1575 4727 sicut
1587 4666 1787 4739 caputergium

144 4779 181 4817 err
198 4756 254 4817 tota
269 4762 361 4818 anima
384 4770 440 4829 toa,
456 4771 483 4817 et
497 4778 530 4819 er
546 4771 601 4819 tota
616 4771 783 4829 mentetua,
800 4770 826 4817 et
838 4777 870 4817 ex
887 4770 943 4817 tota
994 4776 1036 4825 est
1051 4768 1181 4823 membris
1200 4784 1206 4821 :

143 4855 250 4911 uirtute
262 4865 318 4911 tua.
338 4853 395 4910 lloc
405 4864 447 4911 est
460 4856 580 4926 primum
601 4864 628 4911 ct
653 4856 803 4911 maximum
830 4854 943 4909 manda·
1033 4878 1043 4909 ι
1057 4856 1138 4913 lesus
1152 4865 1243 4911 autem
1257 4854 1353 4911 ridens
1362 4856 1426 4925 quia
1438 4853 1575 4925 sapienter
1590 4851 1786 4922 respondisset,

143 4956 218 5003 ιιιιιι.
233 4945 388 5004 Secundum
403 4955 494 5001 ιιιιιιιι
507 4946 597 5003 simile
612 4954 654 5003 cst
665 4945 729 5001 huic
746 4965 753 5001 :
769 4944 869 5018 Diliges
883 4960 943 5017 pro·
993 4950 1062 5005 (lixit
1081 4949 1120 5005 itti
1137 4968 1144 5003 ε
1159 4946 1219 5003 Nou
1228 4962 1259 5003 es
1269 4948 1350 5019 louge
1364 4964 1379 5001 a
1400 4960 1483 5019 regno
1499 4944 1559 5000 Dei.
1573 4944 1656 5000 hecto
1669 4960 1786 5015 respon-

146 5039 255 5094 rimom
272 5049 349 5094 tuum
370 5038 442 5095 sicut
457 5037 585 5109 teipsum.
605 5036 634 5092 ln
650 5037 692 5093 his
707 5037 814 5094 duobos
828 5038 943 5092 mauda-
993 5042 1058 5099 disti
1076 5042 1148 5096 :hoc
1160 5039 1203 5096 lac
1214 5048 1240 5095 et
1251 5039 1335 5094 rircs.
1351 5058 1360 5090 ι
1376 5037 1445 5105 Quia
1464 5038 1539 5093 salus
1553 5045 1647 5092 nostra
1662 5036 1786 5091 consistit

145 5130 184 5187 tis
209 5130 337 5187 universo
352 5130 504 5200 terpander
527 5139 555 5185 et
578 5130 726 5200 propheta.
743 5148 752 5181 ι
779 5128 901 5185 Primum
917 5137 944 5185 ot
994 5136 1022 5191 iu
1037 5133 1194 5205 cognitione
1207 5132 1332 5187 ueritatis
1346 5140 1374 5187 ct
1387 5144 1481 5185 amore
1494 5130 1626 5196 virtutis,
1644 5126 1786 5183 Sadducaei

146 5223 301 5279 niaximum
318 5231 361 5277 est
376 5221 533 5277 mandatum
550 5236 633 5277 utrum
648 5220 732 5275 Deum
753 5236 835 5291 super
852 5220 942 5276 oraruia
994 5227 1074 5297 louge
1087 5232 1151 5281 sunt
1164 5240 1180 5279 a
1194 5238 1278 5294 regno
1300 5223 1365 5290 Dei,
1389 5239 1452 5279 cum
1467 5238 1518 5277 nee
1538 5219 1787 5293 cognoscendam·

145 5316 272 5386 diligere,
285 5324 313 5371 et
327 5315 380 5370 hoc
395 5324 458 5369 autc
473 5312 566 5369 omnia
582 5314 714 5369 debcrnus
735 5312 815 5385 qnasi
832 5314 942 5370 unicum
995 5326 1138 5393 graoscant,
1153 5332 1203 5372 uec
1212 5316 1348 5387 diligenda
1360 5316 1482 5387 diligant.
1491 5312 1540 5368 llic
1548 5321 1639 5368 autem
1650 5307 1786 5378 superbos

145 5407 259 5478 pietatis
270 5406 478 5462 luridamcutum
496 5405 596 5461 locare.
615 5404 678 5461 ldeo
691 5420 745 5460 non
758 5404 826 5461 dixit
842 5420 944 5477 cogno·
996 5417 1114 5466 tentator
1135 5409 1227 5464 minos
1242 5408 1323 5479 longe
1340 5415 1400 5464 erat
1413 5416 1490 5483 extra
1502 5420 1634 5475 regnum,
1647 5400 1711 5471 quia
1727 5399 1785 5469 jam

147 5514 224 5567 sees,
253 5498 301 5555 sed
329 5498 447 5569 diliges,
469 5498 533 5567 quia
555 5511 721 5568 cognoscere
746 5512 831 5553 uuum
859 5496 943 5551 Deum
995 5519 1043 5575 pei·
1074 5500 1217 5557 scientiam
1252 5500 1415 5570 evangelicae
1446 5494 1605 5568 perfectioni
1633 5491 1784 5548 eorrsenslt.

144 5608 218 5665 pene
228 5594 370 5665 proprium
382 5603 424 5649 est
434 5595 560 5649 humane
576 5602 698 5660 traturoe;
712 5593 824 5664 diligere
840 5600 942 5657 autent,
995 5592 1075 5649 Esset
1089 5601 1179 5647 autem
1196 5590 1223 5645 in
1237 5606 1322 5662 regno
1344 5589 1390 5643 Dei
1404 5589 1427 5643 si
1442 5594 1587 5657 augeretur
1616 5584 1640 5639 ei
1665 5581 1786 5651 cognitio

144 5680 272 5757 religiosi
298 5682 391 5739 cordis
410 5691 437 5738 et
462 5684 537 5739 recti.
562 5682 632 5739 lhric
648 5684 738 5741 simile
764 5692 806 5740 est
825 5684 858 5741 de
875 5682 944 5739 dilc—
996 5684 1053 5741 reri
1065 5682 1209 5738 etdilcctio
1220 5681 1295 5747 boui,
1307 5678 1482 5734 utChristum
1495 5686 1549 5743 tapr
1564 5675 1590 5732 iu
1602 5673 1687 5730 Dcuut
1702 5686 1785 5741 quarn

145 5776 241 5836 elidite
256 5776 388 5853 proximi,
401 5776 465 5849 quia
482 5776 571 5849 imago
587 5776 634 5833 Dei
649 5786 690 5835 est
716 5772 806 5834 homa
833 5776 945 5834 Dilectio
997 5780 1024 5833 iu
1040 5775 1194 5851 proximum
1209 5772 1370 5843 susciperet.
