4017 6342
115 342 163 403 tut
607 354 895 415 otrtomrtouts
913 357 964 416 88.
982 356 1138 415 retudit.
1157 386 1194 399 -
1213 356 1277 413 llll.
1300 356 1320 412 ι.
1710 360 1765 419 ιιι

120 462 231 537 siguum
245 476 295 526 est
310 468 450 527 interioris
463 468 611 525 ablutionis
628 472 737 538 animae
752 488 815 543 quae
827 474 922 531 oonsi-
936 489 959 546 g
972 473 1106 545 legalibus
1121 474 1219 531 hostiis
1234 472 1375 545 intemplo
1393 480 1436 529 est
1448 482 1638 543 presentatus.
1652 474 1766 535 insertis

125 560 169 617 stit
182 559 212 615 in
227 562 400 619 remissione
413 571 597 633 peecatorum.
614 564 692 634 Aque
705 565 788 621 etiaut
799 581 922 637 purgans
972 569 1055 624 etiam
1080 568 1113 623 ad
1129 567 1201 625 diem
1224 566 1323 625 iustum
1339 565 1521 623 dedicationis
1542 578 1569 623 et
1592 570 1625 625 ad
1651 578 1767 627 coeteros

129 651 251 709 exterius
274 668 292 707 a
316 654 448 709 sordibus
461 653 651 723 corporalibus
664 655 775 726 signum
794 665 838 713 est
859 657 923 713 lidei
972 659 1032 715 dies
1056 659 1142 715 lestos
1158 658 1366 732 Hierosolymis,
1393 660 1464 715 sicut
1487 659 1515 715 in
1535 658 1682 732 Evangelio
1696 662 1766 735 legi·

129 740 289 799 mundantis
308 741 424 797 interius
438 758 453 797 a
466 742 598 811 peccatis.
613 740 749 801 Sacerdos
760 759 871 816 quoque
881 746 923 803 ia·
972 766 1049 820 mus,
1062 750 1220 823 frequenter
1232 751 1353 808 occurrit
1366 760 1394 806 et
1404 751 1431 805 ln
1449 751 1525 807 nullo
1538 762 1708 811 sacramenta
1724 756 1765 811 le-

131 850 195 891 tans
211 834 238 889 ιιι
251 850 325 905 aqua
339 835 465 907 designat
478 832 610 906 Spiritum
628 836 657 891 iu
671 836 725 892 lide
738 838 922 895 remittentem
973 843 1045 914 galia
1057 842 1293 911 refutarit,douee
1303 844 1330 899 itt
1345 842 1496 901 sartcto'die
1508 843 1600 901 Coettte
1611 845 1763 914 immolato,

129 936 250 1001 peccata.
265 923 421 981 Videndum
436 934 526 981 tanuen
549 938 591 983 est
609 927 644 983 de
660 927 713 983 boc
733 937 921 997 sacramento,
972 937 1059 993 ueteri
1074 934 1190 1001 Pascite,
1204 946 1283 993 retus
1295 936 1478 993 sacerdotium
1489 936 1765 997 inttorauitetmutat·

130 1022 200 1079 sieut
216 1020 251 1077 de
268 1020 341 1086 aliis,
358 1020 423 1090 quia
438 1018 508 1074 nibil
523 1018 609 1074 reiert
629 1034 646 1075 a
662 1036 830 1093 quocunque
842 1024 922 1079 detur
973 1030 1022 1097 rit,
1038 1030 1149 1101 quando
1164 1030 1282 1100 seipsam
1298 1030 1440 1085 cottuivam
1456 1030 1489 1086 ad
1507 1032 1662 1087 conuiuium
1680 1031 1766 1089 disci·

130 1112 269 1171 ministro.
284 1111 409 1168 Minister
422 1112 495 1168 enim
514 1112 669 1179 ministrat,
683 1112 811 1171 cbristus
831 1115 923 1185 bapti·
974 1119 1045 1192 pulis
1058 1120 1193 1177 exhibuit.
1209 1119 1355 1177 Translato
1368 1136 1433 1195 ergo
1447 1124 1601 1181 sacerdotio
1615 1126 1686 1183 sicut
1699 1140 1767 1198 apo-

131 1213 183 1261 ni.
197 1203 278 1261 Unde
292 1205 360 1260 illud
374 1224 382 1261 ι
397 1223 407 1257 ι
423 1202 473 1261 ilie
482 1213 525 1261 est
534 1204 583 1277 qui
592 1205 712 1276 baptizat
719 1205 892 1279 (diatriton).
909 1225 920 1261 t
973 1214 1061 1269 stolus
1075 1214 1123 1279 ait,
1136 1222 1317 1271 ttcccsscerat
1328 1223 1356 1270 ul
1368 1214 1445 1269 lieret
1457 1216 1562 1286 ellepis
1573 1219 1726 1287 translatio,
1738 1226 1766 1276 el

131 1296 303 1369 Quapropter
323 1296 381 1353 siue
398 1311 414 1351 ι
440 1295 548 1351 clet·icis
571 1297 628 1353 site
642 1313 658 1353 a
673 1296 761 1364 laicis,
776 1314 826 1355 seu
839 1298 922 1355 eliam
974 1304 1028 1360 boc
1050 1313 1110 1360 erat
1134 1313 1242 1376 tempus
1261 1306 1451 1375 correctionis,
1467 1308 1576 1378 quando
1595 1311 1767 1369 removenda

132 1388 324 1445 amulieribtts
337 1387 501 1444 necessitate
521 1388 682 1445 imminente
692 1390 783 1459 detur,
798 1407 854 1447 non
882 1400 923 1447 ta·
972 1405 1052 1452 erant
1064 1398 1190 1453 carnales
1205 1398 1309 1453 umbrae
1332 1400 1383 1454 sub
1405 1399 1505 1469 quibus
1530 1412 1621 1468 natus,
1636 1410 1663 1457 et
1678 1418 1767 1472 usque

132 1497 194 1537 men
218 1481 376 1537 reiteratur.
401 1479 460 1537 Hoc
482 1491 688 1537 sacramentum
706 1482 778 1539 sicut
788 1491 817 1539 et
827 1499 923 1540 sacra·
973 1490 1007 1543 ιιι
1021 1489 1153 1557 puerilem
1168 1496 1274 1545 aetatem
1288 1490 1420 1546 educatus
1430 1489 1618 1547 estChristns.
1635 1491 1713 1550 Unde
1724 1496 1767 1550 di·

131 1582 253 1631 mentum
272 1572 376 1641 altaris,
390 1573 435 1629 alii
451 1573 485 1628 ad
500 1574 595 1642 vitam,
609 1574 657 1630 alii
669 1575 704 1630 ad
718 1585 835 1632 mortem
850 1577 923 1633 acci·
974 1579 1168 1651 eitApostolus
1185 1598 1191 1636 :
1210 1600 1220 1633 ι
1235 1580 1385 1652 Postquam
1396 1583 1470 1639 t'ettit
1482 1582 1621 1653 plenitudo
1634 1586 1767 1657 temporis

129 1668 218 1739 piunt.
237 1665 290 1734 Qui
305 1666 380 1723 enim
405 1674 479 1723 recte
501 1666 647 1734 accedunt,
666 1675 695 1724 et
709 1683 768 1725 rem
784 1676 814 1725 et
827 1683 923 1725 sacra·
973 1671 1049 1727 misit
1060 1670 1133 1729 Deus
1147 1672 1246 1729 Filium
1258 1690 1351 1743 snum,
1365 1682 1458 1731 natum
1473 1690 1507 1732 ert
1525 1677 1650 1743 muliere,
1663 1677 1766 1737 iactum

129 1768 254 1815 mentum
268 1756 483 1829 accipiunt;qui
495 1758 567 1827 dcte,
581 1768 784 1817 sacramentum
804 1769 921 1817 ιιιιιιιι.
973 1763 1109 1835 sublege,
1126 1772 1179 1821 etc.
1197 1764 1270 1837 (Gal.
1289 1767 1338 1838 ιι).
1356 1786 1365 1819 r
1383 1766 1412 1823 Si
1429 1769 1502 1823 enim
1519 1784 1534 1824 a
1551 1769 1608 1838 lege
1628 1770 1696 1826 alter
1715 1771 1767 1825 ali-

130 1849 208 1907 Unde
222 1851 247 1907 si
262 1852 438 1923 postmodnm
457 1852 621 1923 resipuerint
639 1868 695 1908 non
713 1854 923 1924 rebaptizabun·
937 1844 959 1899 Β
973 1855 1038 1926 quis
1049 1857 1241 1913 obseruatione
1255 1866 1403 1915 extraneus
1414 1859 1563 1917 scientibus
1575 1861 1661 1932 legem
1674 1877 1767 1918 sacra·

128 1956 184 2004 tur.
198 1946 301 2003 Forma
314 1955 406 2003 autent
420 1947 548 2019 baptismi
567 1955 633 2003 sunt
647 1948 701 2003 ista
712 1948 811 2003 rerba:
825 1945 854 2003 ιιι
871 1963 923 2003 no·
973 1954 1067 2001 menta
1082 1955 1241 2017 exponeret,
1257 1950 1319 2019 quis
1338 1949 1363 2004 ei
1378 1949 1501 2005 auditum
1518 1952 1661 2023 praeberet.
1681 1950 1766 2008 ilecto

128 2041 205 2095 mine
215 2038 307 2095 Putris
320 2049 348 2094 ct
360 2038 423 2093 Filii
435 2046 462 2093 el
476 2037 596 2109 Spiritus
608 2039 707 2106 sancti,
718 2039 761 2093 rel
774 2054 825 2094 sna
835 2038 923 2109 aequi·
973 2035 1058 2108 igitur
1080 2039 1177 2095 ordine
1200 2040 1360 2113 magisterii,
1376 2041 1423 2112 qni
1445 2041 1522 2112 prius
1546 2044 1630 2099 noluit
1658 2045 1767 2100 auditor

127 2131 271 2204 pollentia.
288 2130 422 2187 Dominus
442 2132 517 2186 enitn
537 2131 701 2203 generaliter
719 2130 858 2187 instruens
873 2130 924 2185 ba·
973 2142 1135 2200 essequam
1158 2130 1266 2199 doctor,
1292 2132 1368 2203 prius
1392 2146 1452 2187 eam
1478 2148 1587 2190 seruare
1602 2150 1684 2205 tpttant
1705 2136 1766 2206 ejus

124 2224 273 2294 ptismum‚
288 2222 543 2296 praecepitdicens:
563 2220 633 2287 tlte,
646 2222 924 2293 doceteomnesgen·
973 2230 1146 2277 sacramenta
1172 2238 1305 2292 reserare,
1334 2234 1364 2279 ut
1389 2239 1438 2294 per
1454 2224 1538 2279 uitam
1561 2235 1588 2282 et
1612 2228 1766 2283 doctrinam

124 2324 177 2385 tes,
195 2316 369 2387 baptizantes
384 2330 433 2372 eos
445 2314 473 2370 in
488 2314 598 2369 nomine
613 2311 703 2370 Patris
713 2322 741 2369 et
754 2312 817 2369 Filii
827 2321 855 2369 et
865 2312 925 2384 Spi-
974 2328 1053 2370 suam
1066 2316 1124 2386 ipse
1146 2332 1206 2372 esse
1228 2324 1442 2388 cognosceretur
1455 2317 1498 2371 cui
1513 2317 1700 2373 testimonium
1718 2320 1768 2377 da-

123 2408 200 2467 ritus
210 2411 300 2465 sancti
310 2408 420 2479 (batto.
434 2408 561 2479 nutui.»
575 2405 597 2460 Α
613 2414 700 2461 morte
709 2405 812 2461 Christi
822 2415 850 2461 et
860 2421 925 2461 san·
974 2408 1093 2465 bentler
1109 2417 1137 2463 et
1149 2409 1297 2481 prophete.
1745 2401 1767 2503 e·

123 2502 223 2575 guinis
239 2501 374 2558 effusione
391 2501 473 2557 baltel
490 2497 926 2571 baptismusrirtutemeteilica-
1011 2498 1090 2555 liutto
1117 2500 1202 2571 igitur
1227 2500 1290 2571 quia
1319 2500 1452 2573 quasdam
1483 2514 1582 2556 causas
1610 2498 1767 2571 reddimus,

121 2596 199 2653 ciam
215 2596 290 2651 sicut
304 2596 357 2651 alla
370 2602 542 2651 sacramenta
555 2594 613 2650 sire
631 2602 695 2649 ante
714 2594 812 2665 legem,
824 2592 883 2649 site
895 2592 926 2649 in
975 2606 1061 2663 quare
1071 2590 1123 2647 sub
1135 2592 1194 2663 lege
1215 2599 1297 2649 natus
1312 2600 1355 2649 est
1368 2590 1516 2660 Dominum
1532 2592 1566 2647 de
1578 2592 1769 2649 circumcisio·

120 2686 196 2758 iege.
210 2684 265 2741 Per
277 2687 352 2745 bunc
362 2686 436 2743 enirn
448 2684 578 2740 Christus
596 2699 659 2755 quae
675 2683 747 2740 iacta
758 2683 925 2740 suntdimit·
974 2683 1019 2739 tris
1034 2692 1209 2740 sacramento
1223 2698 1306 2755 quarn
1327 2684 1355 2739 in
1376 2684 1503 2741 manibus
1527 2684 1670 2753 babemus,
1693 2686 1768 2757 quod

120 2780 167 2848 tit,
194 2778 311 2851 adjuvat
333 2794 369 2835 nc
390 2776 510 2849 amplius
523 2776 601 2843 dant,
624 2776 750 2848 perducit
768 2786 799 2833 ut
812 2776 928 2833 omnino
975 2772 1108 2830 ιιοιιιιιιι
1121 2773 1228 2831 dederit
1241 2783 1400 2831 tractemus.
1416 2774 1518 2831 Octava
1535 2777 1635 2832 etenim
1648 2778 1769 2834 circnm-

119 2874 184 2929 deri
201 2890 261 2929 non
274 2875 391 2943 possint,
411 2871 476 2929 iacit
491 2880 522 2927 ut
540 2872 583 2928 lex
606 2871 768 2942 impleatur,
784 2879 815 2927 ut
826 2879 925 2926 natura
974 2864 1044 2921 cisio
1061 2866 1109 2921 nni
1122 2866 1263 2923 concinuit
1280 2876 1462 2923 sacramento.
1479 2865 1580 2923 octaua
1597 2868 1624 2922 ιιι
1645 2866 1769 2939 Scriptu-

117 2968 315 3033 iiberetur,ne
327 2975 469 3037 peccatum
481 2964 646 3022 dominetur.
656 2963 720 3021 llaec
731 2964 766 3021 de
776 2964 926 3022 circumei·
975 2959 1015 3017 ris
1032 2976 1083 3031 pro
1098 2960 1250 3016 eternitate
1272 2960 1358 3031 accipi
1373 2960 1526 3016 consuevit.
1543 2960 1706 3018 sicutenim
1723 2976 1767 3017 se-

116 3058 204 3115 rione
219 3065 250 3113 et
263 3057 400 3128 baptismo
414 3056 562 3113 sufficiant.
578 3054 657 3123 Quod
670 3064 761 3111 autem
777 3054 925 3111 circumci·
974 3052 1093 3123 ptenarii
1107 3052 1215 3109 numeri
1229 3052 1346 3109 circuitu
1370 3068 1461 3107 rerum
1481 3052 1672 3123 temporalium
1689 3052 1770 3108 uoln-

116 3150 210 3205 sioin
227 3148 442 3205 membroririli
457 3146 539 3204 tiebat
561 3163 656 3215 cansa,
681 3162 716 3203 ne
738 3146 813 3203 aliud
837 3162 925 3202 mern-
976 3143 1079 3211 bilitas,
1104 3144 1142 3200 ιιι
1168 3158 1217 3215 per
1243 3142 1440 3215 octauam'qul
1465 3145 1621 3214 septenario
1648 3146 1770 3201 succedit

114 3240 207 3297 brum
221 3248 273 3297 aut
288 3241 376 3297 debile
391 3240 475 3306 lieret,
489 3251 537 3298 aut
551 3249 630 3311 turpe
642 3239 718 3309 qnod
729 3238 837 3309 publice
848 3240 926 3294 vitle-
976 3250 1098 3307 congrue
1121 3235 1281 3307 designatur
1294 3235 1443 3291 aeternitrs.
1460 3232 1568 3291 Octarm
1592 3242 1682 3290 autem
1707 3234 1769 3291 ideo

113 3342 212 3399 retur,
230 3339 261 3387 et
282 3340 313 3386 ut
333 3329 461 3386 cbristus
475 3345 525 3403 per
545 3316 701 3385 castitatem
725 3328 926 3399 significaretur
977 3328 1157 3393 celebrantur.
1169 3327 1769 3399 quiapritnisdiehttscorreurruntsicutpri·

113 3435 275 3480 renturus.
297 3419 360 3492 ipso
378 3435 488 3493 quoque
503 3420 627 3476 incarne
640 3419 765 3489 praeputii
777 3418 859 3475 debat
871 3418 926 3474 cir·
976 3435 1040 3478 mus
1062 3419 1223 3477 Dominicus
1243 3418 1302 3475 dies
1317 3421 1351 3475 ad
1373 3421 1489 3475 aiterum
1514 3422 1561 3491 qui
1591 3422 1686 3477 eodem
1713 3422 1767 3477 ritu

113 3514 277 3581 eumctsto,
290 3514 355 3585 qnia
370 3514 398 3568 in
418 3520 496 3585 parte
518 3512 564 3567 ilia
583 3513 671 3584 magis
685 3512 926 3568 domittatnrcon·
976 3516 1139 3573 celebratur.
1165 3514 1199 3570 Et
1221 3516 1351 3587 quoniam
1374 3514 1516 3585 sequentia
1536 3528 1618 3586 opera
1641 3514 1713 3571 bona
1734 3516 1769 3572 ad

112 3606 311 3678 cupiscentim
324 3620 372 3675 per
383 3619 467 3675 quam
483 3603 616 3677 originale
626 3612 770 3675 peecatum
787 3618 923 3675 propaga·
976 3606 1065 3676 prima
1080 3614 1235 3670 recurrunt,
1257 3606 1447 3677 aliquomodo
1465 3614 1576 3662 oetaras
1596 3620 1768 3666 exercemus.

113 3712 174 3756 tnr.
195 3698 255 3754 Ubi
271 3713 338 3769 crgo
350 3698 393 3753 tia
406 3696 510 3768 peccati
524 3705 577 3761 est,
589 3696 627 3752 ibi
642 3704 705 3766 apte
720 3695 926 3767 signilieabatur
975 3695 1064 3753 Tanta
1078 3697 1188 3753 miseria
1200 3696 1250 3752 iuit
1265 3698 1293 3752 in
1308 3697 1466 3753 bominibus
1479 3706 1542 3753 ante
1554 3698 1656 3755 Christi
1668 3701 1769 3757 adren-

112 3791 232 3865 pcccati
246 3788 411 3856 remedium,
423 3798 451 3843 et
462 3788 668 3861 significabatur
679 3804 728 3858 per
740 3788 928 3844 circumcisio·
975 3798 1045 3857 tum,
1063 3798 1092 3845 ut
1108 3804 1190 3845 nemo
1212 3788 1246 3845 ad
1268 3790 1392 3844 eamdem
1414 3788 1600 3847 innocentiam
1615 3792 1771 3863 perueniret

112 3899 184 3939 uem
199 3882 300 3937 carnis
309 3879 483 3937 circumcisio
491 3880 601 3949 mentis,
611 3895 665 3951 qua
676 3878 859 3935 mundabatur
869 3878 926 3935 ani·
975 3896 1060 3953 quant
1074 3880 1168 3937 habuit
1180 3880 1286 3951 primus
1298 3881 1381 3936 bomo
1394 3890 1540 3951 antequam
1554 3894 1687 3952 peccaret.
1700 3883 1768 3941 Nant

113 3992 163 4033 uta
179 3992 197 4033 a
215 3974 308 4030 uitiis.
330 3970 400 4029 Tres
418 3973 510 4044 itaque
535 3980 644 4027 constat
658 3986 720 4027 esse
741 3969 927 4028 circumcisio·
976 3972 1186 4031 etcircumcisio
1197 3988 1258 4044 quae
1268 3982 1365 4028 octaua
1376 3974 1419 4029 die
1427 3974 1591 4044 celebratur,
1604 3976 1631 4029 in
1643 3978 1771 4033 recorda·

114 4086 169 4127 nes
185 4088 196 4125 a
212 4066 281 4125 lina
294 4073 337 4124 est
353 4074 567 4134 sacramentum,
582 4065 714 4121 duavero
724 4063 926 4122 suntresillius
976 4068 1051 4122 tione
1066 4066 1161 4136 prime
1183 4064 1347 4120 innocentiae
1370 4065 1511 4136 agebatur,
1534 4068 1560 4123 id
1583 4075 1669 4123 estut
1691 4085 1769 4125 tnens

116 4160 311 4227 sacramenti,
321 4157 927 4229 videlicelcirenntcisioapeecatmquaequo·
976 4158 1138 4214 circumcisa
1151 4164 1224 4212 essct
1241 4155 1275 4211 ab
1290 4156 1365 4211 omni
1380 4158 1542 4227 contagione
1556 4157 1670 4222 carnali,
1685 4174 1768 4229 qtram

118 4257 193 4311 titlie
207 4263 252 4311 est
264 4252 292 4309 ιι
300 4253 403 4320 anima,
412 4261 439 4309 et
447 4251 646 4308 circumcisioa
651 4251 839 4322 peccatoctab
849 4251 926 4305 omni
974 4252 1057 4325 jussit
1071 4252 1129 4322 ipsa
1146 4251 1242 4306 umbra
1254 4248 1408 4306 futurorum
1423 4265 1561 4305 tet-orum.
1579 4248 1705 4306 Christus
1720 4265 1769 4322 per

123 4346 342 4421 poenapeccati,
356 4344 734 4417 quaeitrresurreetioneerit
750 4344 777 4398 iu
794 4342 885 4398 attima
899 4350 926 4398 et
976 4344 1143 4414 baptismum
1159 4343 1279 4400 restituit
1296 4342 1323 4399 in
1338 4356 1435 4414 genere
1450 4344 1571 4399 butrano
1585 4346 1707 4400 eamdem
1726 4346 1768 4399 in-

128 4452 258 4509 corpore.
280 4435 400 4493 Petrinis
424 4445 516 4492 antem
533 4435 629 4491 cultris
646 4434 818 4491 circumcidit
843 4432 927 4490 losue
976 4434 1144 4505 nocentiam,
1159 4436 1273 4507 ideoque
1288 4443 1385 4492 octava
1398 4436 1452 4503 die,
1468 4436 1495 4491 id
1513 4448 1555 4493 est
1578 4434 1719 4493 bontlnlca
1734 4452 1768 4495 ex

127 4528 287 4585 intraturos
311 4534 411 4583 terram
434 4526 666 4597 repromissionis,
685 4526 750 4597 quia
768 4534 843 4596 petra
867 4534 927 4581 erat
941 4535 965 4591 ι)
977 4528 1113 4600 baptismo
1131 4528 1296 4584 resurrectio
1311 4528 1419 4597 colitur,
1434 4528 1486 4584 hnc
1499 4539 1538 4586 esl
1554 4528 1624 4584 inter
1639 4528 1706 4585 istos
1720 4530 1768 4600 qui

126 4620 262 4677 Christus
273 4618 298 4688 (i
309 4619 371 4675 Cor.
385 4619 412 4689 ι)
423 4620 470 4690 uui
482 4620 552 4675 tollit
562 4628 672 4690 peccata
682 4619 776 4675 mundi
789 4618 880 4691 (Joott.
893 4620 925 4691 t).
976 4621 1059 4693 primi
1075 4621 1260 4679 innocentiam
1276 4621 1396 4678 hominis
1410 4622 1553 4677 imitantur
1568 4631 1595 4678 et
1609 4622 1669 4679 iilos
1681 4624 1727 4695 qni
1740 4624 1767 4680 in

291 4708 409 4766 SERMO
428 4709 462 4764 tn
482 4708 623 4765 oculta
641 4708 769 4766 buntur.
977 4714 1069 4771 Veteri
1083 4712 1259 4769 Testamento
1271 4722 1359 4770 erant.
1369 4712 1447 4781 Quod
1459 4714 1584 4787 quamtis
1596 4716 1633 4770 ilii
1643 4716 1709 4787 justi
1725 4734 1770 4772 es·

167 4800 274 4859 Natalis
284 4801 421 4859 Dominici
433 4804 505 4859 diem
517 4802 598 4859 bodie
608 4804 777 4860 celebramus
788 4811 925 4872 octavum,
977 4816 1050 4873 sent,
1069 4814 1159 4863 tamen
1173 4804 1366 4861 detinebantur
1379 4804 1449 4863 inira
1465 4810 1584 4864 claustra
1597 4808 1694 4864 interni
1707 4817 1770 4865 ante

123 4894 161 4949 in
177 4911 232 4965 quo
243 4910 313 4965 puer
326 4890 406 4950 lesus
423 4909 439 4949 a
460 4893 621 4965 parentibus
631 4894 724 4951 carnis
740 4910 798 4952 suae
808 4896 927 4952 carnalis
977 4896 1079 4953 Christi
1093 4897 1251 4962 adventurn,
1265 4896 1309 4953 isti
1323 4907 1466 4968 penetrant
1481 4916 1563 4971 regna
1577 4900 1720 4958 coelorttm.
1735 4900 1769 4957 Et

120 4986 357 5045 circumcisionis
372 4986 477 5057 acecpit
496 4994 701 5043 sacramentum
717 4986 795 5058 (tec.
808 4989 851 5061 tt).
866 4986 927 5045 Non
977 4989 1108 5061 quottiam
1125 4988 1158 5043 ad
1174 4987 1315 5043 meliorem
1341 4995 1443 5044 statum
1465 4991 1523 5045 rttlt
1547 5006 1598 5047 nos
1621 4992 1770 5061 perducere

117 5080 209 5136 enim
231 5079 305 5135 sicut
326 5078 385 5149 ipse
399 5078 447 5145 ait,
461 5078 547 5151 legent
559 5087 672 5135 uenerat
684 5080 799 5146 soluere,
814 5082 861 5137 sed
876 5081 923 5136 ad·
978 5078 1143 5149 Redemptor
1158 5088 1261 5146 noster,
1272 5092 1354 5149 qttam
1369 5080 1480 5135 haberet
1493 5080 1599 5151 primus
1614 5080 1709 5148 ddum,
1721 5082 1770 5137 atl-

118 5176 250 5244 irnplete
263 5174 374 5248 (liuttlt.
392 5174 445 5245 ιιι).
468 5174 569 5246 Legem
585 5174 695 5244 quidem
715 5173 846 5243 impleuit,
862 5172 927 5243 qttia
977 5172 1033 5228 ltue
1047 5179 1329 5241 exspectaturoetava
1354 5170 1412 5227 dies
1434 5188 1495 5243 quae
1517 5170 1569 5227 erit
1593 5173 1620 5227 in
1644 5188 1769 5228 resurre-

115 5266 168 5323 de
183 5264 246 5321 iaece
260 5264 414 5321 carnalium
423 5264 648 5319 observationum
660 5263 802 5334 spirituale
812 5262 928 5333 elinquit
977 5264 1068 5320 ctione
1079 5278 1237 5333 corporum.
1254 5262 1364 5320 Primus
1374 5262 1461 5320 ddum
1473 5269 1511 5321 ita
1524 5275 1582 5322 erat
1595 5266 1725 5321 innocens
1741 5270 1770 5319 ιι

115 5357 316 5426 intellectum,
337 5367 365 5413 ct
386 5357 504 5427 quadam
522 5372 621 5412 arcana
639 5364 773 5427 precepta
786 5356 926 5422 mortalia,
977 5364 1070 5426 posset
1082 5370 1205 5425 peccare,
1222 5356 1245 5411 si
1258 5358 1348 5422 vellet,
1361 5366 1388 5412 et
1405 5374 1455 5413 nos
1471 5356 1507 5412 ita
1523 5356 1673 5427 accipimus
1690 5354 1770 5409 inno·

112 5464 199 5523 quae
211 5446 313 5506 ludaeis
325 5456 437 5521 propter
452 5448 638 5503 irrlirmitatcm
653 5462 731 5503 suam
740 5446 855 5501 remissa
868 5444 929 5500 inc·
978 5446 1098 5502 centiam
1122 5462 1172 5517 per
1197 5446 1422 5517 baptisterium
1447 5446 1585 5518 possimus
1606 5458 1719 5516 peccare
1742 5448 1771 5498 et

109 5552 191 5597 rat.
209 5539 275 5597 item
290 5542 319 5597 in
333 5538 481 5613 Evangelio
493 5540 653 5611 superaddit
665 5540 808 5610 preceptis
819 5522 925 5608 corum,
977 5538 1119 5610 possimus
1144 5552 1199 5592 non
1215 5538 1293 5603 reite,
1314 5538 1359 5593 sed
1381 5548 1442 5609 post
1465 5538 1648 5607 receptionem
1671 5548 1771 5605 corpo·

108 5638 155 5687 et
188 5628 260 5701 ipsas
282 5632 489 5687 obseruationes
510 5629 636 5685 carnales
649 5645 736 5701 usque
759 5630 793 5684 ad
819 5638 955 5706 tempus„
977 5644 1040 5685 rum
1060 5642 1141 5684 nemo
1156 5630 1263 5699 poterit,
1280 5645 1361 5685 nemo
1376 5628 1448 5683 uolet
1461 5643 1583 5698 peccare.

106 5722 317 5780 correctionis
330 5722 495 5779 observarit.
509 5720 574 5778 Inde
585 5730 627 5779 est
639 5721 711 5792 quod
724 5737 790 5792 puer
802 5736 816 5776 a
829 5736 928 5791 paren·
1014 5718 1176 5791 igiturquia
1196 5721 1229 5775 ιιι
1246 5722 1297 5774 boc
1314 5720 1445 5775 institutae
1462 5726 1526 5772 sunt
1538 5727 1650 5783 oeterni,
1672 5722 1703 5771 ιιι
1724 5730 1768 5771 re·

104 5817 212 5874 ribuar
223 5826 318 5875 oetam
332 5816 375 5872 die
392 5827 432 5873 est
448 5816 637 5879 circumcisus,
654 5831 687 5869 ιι
702 5816 746 5875 tlle
761 5816 849 5871 abeis
864 5830 927 5871 cum
978 5813 1062 5870 deant
1076 5812 1111 5869 ad
1125 5812 1257 5879 primum,
1269 5820 1374 5883 oportet
1389 5810 1561 5865 considerare
1575 5808 1641 5881 quid
1656 5808 1770 5865 inccta·
