4017 6342
214 328 283 387 liii
700 334 990 405 berbottartouus
1008 352 1058 408 SS.
1079 351 1232 411 errabat.
1251 353 1364 412 -tttt
1386 357 1417 414 ll.
1788 368 1857 426 lsst8

211 447 296 504 troitu
337 448 452 520 quidem
493 451 674 521 tabernaculi,
703 452 828 525 quinque
867 458 1012 519 columnas
1026 464 1190 536 Ainquicus
1232 470 1381 538 praecessit,
1406 472 1465 528 dies
1497 485 1589 532 autem
1613 479 1852 552 appropinquabit.

218 541 377 608 deauratas,
415 548 480 598 ante
504 546 647 601 oraculum
680 561 755 612 vero,
786 544 876 605 idest
911 564 1009 612 sancta
1063 555 1235 628 llbjlciariius
1257 576 1323 633 ergo
1349 579 1431 636 opera
1448 568 1634 636 tenebrarum,
1664 580 1692 628 et
1706 573 1855 630 induamur

214 643 386 701 sanctorum,
408 646 529 706 quatuor
540 638 701 709 fierijussas
714 639 814 710 (Eroti.
826 649 933 718 xxxva),
946 649 1011 719 quia
1063 662 1139 703 arma
1153 649 1233 715 lucis,
1249 650 1321 708 sicut
1338 653 1365 708 in
1380 655 1424 711 die
1448 656 1561 713 honeste
1587 661 1771 730 ambulemus,
1798 681 1853 721 raon

213 725 340 780 videlicet
351 727 514 797 incipientes
526 745 574 800 per
589 731 674 802 legem
686 732 875 804 castigantur,
896 739 1010 808 perfecti
1062 739 1089 793 in
1117 744 1365 802 comessationibus
1389 757 1416 804 et
1437 750 1625 821 ebrietatibus,
1643 771 1698 810 non
1721 755 1750 811 iu
1771 757 1852 814 culti·

215 828 306 873 autom
320 834 369 888 per
381 822 497 891 gratiam
510 831 539 877 ut
553 823 677 880 devotius
689 823 744 880 [leo
759 824 1010 886 vivantadmoueu-
1061 831 1133 888 libus
1148 843 1175 889 et
1191 835 1378 907 impudicitiis,
1402 855 1457 895 non
1470 844 1497 897 in
1517 847 1691 903 contentione
1715 857 1743 904 et
1765 866 1852 906 aernu-

215 915 269 964 tur.
284 907 385 981 'lypice
408 925 458 981 per
472 920 597 980 cautum,
615 916 662 984 qui
686 925 835 972 renovatur
856 919 884 974 in
909 933 1008 991 quarta
1058 923 1177 994 latione,
1209 931 1255 984 sed
1283 930 1429 988 induamur
1442 934 1587 992 Dominum
1608 949 1731 995 nostrum
1754 941 1851 998 lesum

214 1009 277 1056 ante
296 1000 472 1058 Nativitatem
516 1005 624 1060 llouuui
667 1008 1006 1082 hebdomada,geutilium
1057 1016 1197 1074 Christum
1227 1020 1314 1090 (Rern.
1340 1029 1412 1096 urar).
1431 1027 1476 1084 Sic
1505 1045 1552 1099 per
1580 1033 1672 1101 plures
1697 1036 1849 1092 rruutiosct

213 1094 347 1148 mentium
360 1094 555 1164 perfectionem
573 1096 759 1169 intelligimus.
776 1100 804 1156 Si
820 1118 868 1172 per
884 1107 1006 1177 quinque
1057 1107 1256 1180 frequentiores
1267 1127 1392 1172 moretur
1407 1121 1494 1192 magis
1506 1137 1538 1176 ac
1556 1125 1643 1196 magis
1657 1127 1767 1181 animus
1783 1129 1848 1184 sub-

215 1185 452 1242 hrlulomadasilli
469 1188 657 1256 intelliguntur
672 1192 717 1260 qui
742 1193 1005 1264 adlvurpoeuiteutia
1056 1201 1104 1255 diti
1129 1202 1163 1257 ad
1190 1205 1402 1264 sollicitruliucut
1427 1213 1776 1285 suscipiendi-praelatum,
1810 1220 1848 1274 ita

210 1274 354 1344 deplorant
365 1281 484 1334 recentia
499 1290 619 1349 peccata,
635 1284 733 1337 merito
744 1300 793 1353 pcr
806 1297 925 1355 quatuor
938 1290 1004 1345 heb-
1056 1295 1233 1352 renovatione
1253 1309 1350 1355 curatus
1379 1315 1503 1358 movetur
1528 1308 1614 1376 magis
1642 1325 1674 1363 ac
1702 1313 1789 1379 nitigis
1812 1313 1848 1364 ad

209 1366 404 1425 domadaseus
419 1371 596 1442 intelligimus
612 1373 659 1441 qui
675 1376 775 1443 gaudio
801 1379 918 1446 spiritali
939 1396 1004 1452 pro·
1054 1400 1149 1440 curam
1173 1398 1273 1444 nostrat
1297 1395 1504 1461 praeparationis
1530 1397 1556 1450 lu
1576 1401 1776 1469 susceptionem
1794 1401 1848 1457 llo-

208 1458 305 1514 frciuut
327 1461 362 1516 dc
396 1463 497 1518 virtute
529 1465 557 1518 iu
592 1467 863 1523 virtutemlstiduo
888 1471 1000 1528 ordines
1054 1477 1133 1532 mini.
1153 1478 1296 1537 ldeoocto
1317 1485 1450 1541 diesaute
1475 1485 1648 1545 Nativitatem
1677 1490 1784 1546 botuuini
1804 1509 1848 1549 rc·

207 1553 321 1613 fuerunt
335 1559 364 1614 in
386 1557 478 1616 lletcri
497 1559 682 1632 Testamenta,
699 1563 743 1619 isti
758 1574 840 1630 suot,
855 1572 883 1620 et
906 1564 999 1621 modo.
1053 1583 1190 1628 novantur
1202 1572 1285 1630 ferme
1295 1583 1352 1632 tota
1363 1586 1443 1634 nocte
1456 1581 1630 1651 responsoria
1640 1591 1667 1636 et
1677 1583 1845 1651 antiphonae,

205 1644 362 1706 Renouatio
376 1661 474 1710 cantus
489 1653 624 1725 siguibcat
642 1657 772 1726 gaudium
788 1657 937 1712 electorum
952 1658 1000 1728 qui
1053 1671 1083 1718 ut
1095 1679 1143 1733 per
1156 1665 1208 1722 boc
1219 1666 1391 1738 frequentius
1411 1687 1461 1726 nos
1475 1673 1625 1728 excitemus
1640 1673 1673 1728 ad
1688 1678 1845 1745 purgandas

202 1739 328 1804 gaudent
353 1742 501 1812 plurimum
522 1745 550 1799 iu
576 1746 694 1802 aduentu
716 1745 824 1802 Domini
838 1748 928 1804 dilecti
944 1749 997 1806 sui.
1052 1769 1148 1812 omncs
1165 1758 1330 1830 quisquilias
1346 1761 1467 1830 turpium
1482 1763 1678 1833 cogitationum
1704 1781 1736 1822 ac
1758 1776 1845 1822 terrc-

198 1824 441 1900 Praeparationcm
459 1851 568 1906 quoquc
582 1838 765 1893 necessariam
781 1840 861 1895 uobis
878 1839 1002 1898 insinuat
1016 1829 1038 1885 Β
1055 1862 1162 1915 rrartrm,
1187 1857 1215 1904 ct
1227 1849 1339 1921 dignum
1363 1853 1548 1908 babitaculum
1567 1867 1705 1921 ornatum,
1719 1857 1845 1912 videlicet

194 1915 307 1976 Paulus
324 1923 472 1993 Apostolus
485 1927 511 1980 in
525 1935 674 1983 merrnorata
687 1929 812 1998 epistola,
826 1945 888 2000 quac
903 1931 1001 2002 legitur
1052 1937 1106 2008 piis
1124 1941 1337 2010 cogitationibus
1365 1959 1494 2014 paremus
1517 1943 1584 2028 llcgi
1605 1963 1712 2020 regum,
1738 1956 1766 2004 et
1788 1947 1844 2004 llo·

189 2021 298 2080 quarta
323 2014 496 2072 bebdomada
512 2028 575 2074 autc
591 2018 765 2076 Nativitatem
790 2019 910 2078 Doruini.
926 2023 997 2091 Nox,
1051 2029 1127 2086 miuo
1137 2030 1348 2091 dominantium.

368 2327 668 2423 bouttttctl
702 2333 740 2425 V
776 2327 932 2420 turb
970 2329 1390 2424 Nartvtiatbut
1429 2327 1680 2460 uobttttt.

533 2520 660 2579 sumto.
1048 2537 1135 2595 genus
1164 2523 1316 2580 humanum
1349 2524 1384 2581 ad
1422 2525 1561 2583 interitum
1595 2529 1737 2586 deduxit:
1764 2531 1839 2586 illam

226 2610 327 2670 «Beati
341 2629 442 2670 omncs
455 2616 503 2686 qui
515 2615 613 2671 timent
625 2613 784 2683 lloroioum,
796 2613 843 2686 qui
855 2613 997 2670 ambulant
1047 2613 1188 2672 Christum
1200 2615 1280 2673 lactis
1294 2624 1322 2672 et
1336 2616 1416 2674 dictis
1431 2621 1560 2687 ostendit,
1574 2630 1603 2676 et
1616 2637 1733 2693 peream
1746 2625 1839 2694 perdi-

189 2704 219 2760 in
230 2705 288 2764 riis
300 2705 367 2777 ejus
383 2705 471 2779 (Paul.
491 2708 533 2779 u).
549 2726 559 2760 a
579 2706 664 2762 Qum
676 2708 771 2764 timere
785 2714 852 2763 esta
867 2706 939 2762 malo
949 2706 998 2762 dc·
1048 2715 1105 2762 tum
1118 2708 1255 2764 hominem
1270 2709 1304 2764 ad
1317 2709 1432 2779 gloriam
1444 2712 1551 2767 reduxit
1563 2730 1570 2780 ;
1583 2721 1609 2768 et
1622 2715 1686 2785 quia
1701 2716 1840 2786 prophet-c

137 2871 141 2876 ι
193 2797 322 2867 clinare3
341 2801 370 2856 in
385 2801 437 2856 riis
461 2801 522 2872 ejus
535 2801 678 2857 ambulare
700 2810 744 2857 est
762 2801 865 2857 bonum
891 2799 992 2856 facere.
1046 2800 1177 2870 perhanc
1199 2801 1286 2856 solam
1306 2802 1378 2856 viam
1400 2817 1487 2873 genus
1511 2803 1661 2861 humanum
1687 2808 1838 2864 rediturum

196 2889 250 2958 Qui
265 2906 335 2964 ergo
351 2889 438 2948 ileum
470 2893 567 2950 timent
594 2901 706 2965 peccata
731 2892 889 2958 devitando,
921 2891 993 2947 beati
1046 2892 1080 2946 ad
1096 2893 1210 2962 patriam
1228 2893 1420 2964 praeviderunt,
1440 2893 1502 2950 idco
1527 2894 1667 2953 Christum
1689 2914 1781 2954 veram
1810 2909 1839 2956 ct

198 2990 273 3049 sunt,
290 2983 356 3053 quia
367 2998 463 3054 prenae
487 2983 665 3051 evaduot;et
675 2983 722 3053 qui
737 2982 765 3037 iu
786 2983 839 3038 viis
850 2983 914 3053 ejus
933 2997 993 3038 am·
1045 2995 1149 3041 certam
1172 2986 1245 3041 viam
1266 3001 1362 3042 omues
1382 3001 1504 3042 consona
1542 3004 1608 3046 voce
1642 2991 1837 3060 praedixerunt,

198 3075 295 3130 bulant
319 3076 391 3131 bona
406 3075 556 3147 operando,
584 3075 657 3131 beati
678 3084 753 3143 sunt,
773 3075 837 3145 quia
862 3075 991 3146 gaudium
1045 3091 1163 3146 eumque
1172 3091 1268 3132 omues
1278 3077 1369 3132 videre
1380 3077 1613 3137 desideraverunt.
1624 3079 1709 3137 iacob
1720 3098 1838 3153 irataque

172 3138 309 3223 'Domini
323 3169 474 3224 intrabunt.
489 3167 547 3224 Viae
567 3166 990 3238 llomiariprasceptailliussuut,
1046 3169 1166 3222 moriens
1180 3167 1248 3223 dixit
1265 3185 1300 3222 :r
1329 3167 1454 3226 Salutate
1476 3180 1552 3226 tuum
1578 3174 1759 3242 exspectabo,
1782 3173 1838 3230 llo·

198 3273 262 3328 quae
283 3261 409 3316 homines
423 3262 458 3318 ad
471 3276 590 3332 superna
614 3261 731 3332 patriam
746 3259 897 3315 docantat
921 3237 1027 3314 Uni-(3
1043 3257 1117 3314 mirre
1133 3257 1209 3329 (Gen.
1238 3259 1352 3331 narni·
1381 3259 1414 3317 Et
1445 3261 1552 3334 llogscs
1575 3281 1608 3318 :r
1629 3261 1760 3334 Obsecro,
1792 3265 1837 3321 in·

197 3366 287 3408 rcrsae
308 3363 400 3408 autem
427 3353 479 3409 viae
500 3352 610 3408 flamini
635 3350 825 3408 misericordia
846 3349 992 3405 otveritas
1044 3350 1114 3420 quit,
1126 3348 1251 3420 Domine,
1280 3353 1356 3409 mitte
1370 3369 1451 3424 quem
1464 3355 1598 3412 missurus
1608 3371 1637 3412 cs
1651 3355 1751 3428 (Eroti.
1768 3361 1834 3431 ruba
1889 3371 1896 3382 “

200 3442 288 3514 (Psoi.
304 3446 391 3515 xxm).
412 3463 422 3498 v
444 3443 501 3499 lice
517 3445 625 3500 bomini
640 3451 706 3500 sunt
728 3441 916 3498 misericordia
930 3456 990 3498 om·
1044 3441 1129 3498 llavld
1150 3458 1260 3515 quoque
1278 3445 1335 3501 ait:
1355 3444 1506 3513 «hunnine,
1534 3445 1634 3502 inclina
1650 3448 1736 3506 coelos
1762 3457 1834 3508 tuos

201 3533 286 3589 nibus
299 3533 326 3588 iu
342 3534 383 3590 eis
400 3534 626 3600 anibulautibus3
647 3533 751 3588 recitas
764 3531 873 3588 curretis
891 3531 927 3587 ab
949 3531 992 3588 eis
1043 3545 1072 3592 et
1084 3537 1218 3593 descende
1232 3534 1318 3606 (Paul.
1331 3537 1409 3608 xvu).
1427 3555 1438 3589 v
1458 3533 1543 3592 isaias
1554 3537 1658 3594 etiam:
1676 3536 1807 3594 «Utinam
1824 3559 1835 3592 s

197 3625 411 3681 declinantibus.
427 3623 490 3682 ldco
504 3624 576 3680 fleus
590 3633 749 3692 nosterest,
775 3622 1012 3700 cubonimaci,
1044 3628 1159 3700 inquit,
1195 3628 1409 3698 «disrumperes
1448 3627 1533 3684 coelos
1574 3637 1607 3706 et·
1632 3627 1835 3686 descenderesl

199 3717 292 3773 servis
308 3717 447 3774 timendus
464 3735 472 3784 ;
488 3725 518 3773 ut
528 3716 611 3773 Pater
641 3733 657 3773 a
681 3715 746 3773 filiis
768 3715 932 3786 diligendus.
945 3714 992 3770 'fi-
1044 3719 1113 3793 (lae.
1127 3721 1214 3791 cxlv.)
1231 3740 1240 3773 n
1257 3719 1291 3774 ta
1312 3720 1411 3776 merito
1425 3719 1485 3791 ejus
1497 3718 1634 3777 desiderio
1648 3719 1831 3788 deficiebant,

196 3824 276 3864 more
289 3809 350 3880 ejus
373 3817 485 3880 peccata
506 3807 656 3880 fugiamus,
674 3821 770 3864 amore
792 3806 880 3878 ipsius
909 3807 991 3864 bonis
1043 3814 1091 3885 qui
1115 3827 1179 3868 eum
1203 3811 1326 3867 futurum
1351 3811 1542 3882 praesciehant.
1556 3809 1625 3866 Nam
1652 3820 1715 3868 ante
1749 3814 1838 3885 ipsius

197 3901 319 3969 actibus,
338 3911 475 3972 quatenus
494 3901 528 3958 de
547 3902 600 3957 bac
625 3899 792 3956 miseravita
807 3908 991 3966 transcuntes,
1043 3902 1191 3956 aduentum
1219 3897 1297 3956 fusca
1316 3914 1391 3956 mora
1405 3899 1539 3954 mundum
1551 3899 1664 3967 obtexit,
1685 3915 1838 3972 omnesque

195 3994 352 4050 luctuosam
365 3996 450 4050 vitam
463 3995 622 4060 evadamus,
638 4000 665 4050 et
677 3993 711 4049 ad
719 3993 828 4049 beatam
852 3992 937 4048 vitam
951 3992 993 4064 ip-
1044 4011 1091 4068 per
1114 3994 1165 4051 iter
1188 3992 1331 4050 sinistrum
1355 3993 1383 4048 in
1407 3992 1594 4066 perditionem}
1609 3993 1718 4050 direxit.
1734 3992 1837 4052 Omnes

196 4086 260 4142 sius
286 4101 338 4157 ope
358 4086 561 4157 perveniamus.
577 4084 646 4142 Tres
659 4085 817 4142 vitasunt:
836 4101 890 4141 arna
909 4101 993 4158 super
1043 4086 1123 4158 quasi
1138 4085 1166 4140 in
1191 4084 1311 4143 tenebris
1334 4084 1475 4152 errabant,
1503 4085 1568 4156 quia
1584 4084 1676 4140 lumen
1694 4084 1835 4141 Christum

196 4193 251 4234 noe
271 4179 361 4244 beata,
377 4195 431 4250 qua
445 4179 533 4236 sarrcti
556 4195 621 4236 cum
643 4179 748 4250 angelis
772 4178 851 4234 beate
871 4179 989 4248 rirnnt;
1044 4194 1099 4235 uon
1121 4177 1268 4244 habebant,
1284 4184 1312 4232 et
1333 4176 1394 4232 ideo
1409 4192 1458 4247 per
1472 4179 1621 4247 spatiosam
1638 4177 1742 4233 vianna
1768 4179 1836 4234 sini·

196 4271 286 4326 altera
307 4271 506 4339 misericordia,
531 4273 559 4328 iu
584 4270 717 4343 qualusti
731 4271 822 4328 adhuc
846 4271 993 4344 lricsuspl·
1043 4273 1191 4332 sariscaco
1203 4271 1285 4328 corde
1299 4271 1328 4327 iu
1344 4279 1460 4326 mortem
1473 4271 1598 4324 ruebant.
1619 4270 1729 4327 Christo
1743 4283 1835 4328 autem

196 4369 292 4420 rantes
317 4362 521 4435 ingemiscunt;
541 4365 622 4419 tertia
646 4363 745 4420 subtus
772 4379 825 4420 nos
855 4363 991 4432 luctuosa,
1043 4364 1179 4424 solesolis
1204 4362 1351 4418 inmundo
1365 4369 1523 4432 apparente,
1539 4361 1660 4416 imovita
1674 4363 1834 4434 augelorum

196 4455 228 4510 in
241 4471 297 4526 qua
307 4456 420 4526 spiritus
445 4455 638 4511 damnatorum
651 4471 715 4512 cum
728 4455 899 4511 daemombus
921 4470 992 4512 coo·
1044 4473 1074 4513 se
1086 4455 1249 4514 mortalibus
1261 4454 1417 4520 exhibente,
1433 4459 1501 4510 tetra
1519 4467 1594 4509 mors
1607 4453 1750 4525 pavefacta
1765 4453 1835 4525 fugit

196 4549 311 4604 sistunt.
325 4546 410 4603 Nobis
425 4564 490 4620 crgo
515 4549 543 4604 in
573 4547 665 4604 media
687 4549 744 4604 vita
759 4547 915 4605 constitutis
929 4548 992 4605 duae
1007 4568 1029 4624 p
1044 4564 1127 4620 seque
1151 4549 1180 4604 ln
1204 4540 1296 4602 abdita
1319 4545 1416 4602 tartari
1441 4542 1557 4602 confusa
1583 4545 1737 4611 abscondit,
1763 4545 1836 4603 sicut

195 4638 251 4694 riae
281 4638 471 4696 secuerunt:
502 4654 565 4710 quar
590 4639 725 4709 quosdam
746 4639 781 4695 ad
799 4639 989 4708 superiorem
1040 4641 1146 4697 oriente
1157 4639 1213 4696 sole
1224 4637 1312 4709 caligo
1325 4638 1414 4694 noctis
1427 4635 1548 4710 fugatur,
1562 4643 1590 4692 et
1600 4635 1720 4693 mundus
1737 4636 1835 4708 jubare

195 4730 336 4802 quosdam
349 4741 442 4788 autem
456 4733 490 4788 ad
505 4731 663 4788 inferiorern
676 4733 791 4788 ducunt.
805 4730 945 4787 aceruis
961 4746 992 4788 sc
1042 4733 1128 4804 ipsius
1144 4732 1307 4788 illustratur.

196 4825 304 4894 prebet
318 4827 364 4882 ria
375 4834 451 4882 arcta
468 4836 497 4881 et
507 4834 636 4897 angusta,
649 4826 756 4882 ducens
766 4823 800 4882 de
815 4824 867 4879 bac
880 4825 992 4891 misera,
1078 4821 1192 4888 idcirco,
1216 4820 1399 4888 dilectissimi,
1414 4834 1479 4876 cum
1494 4820 1546 4876 itcr
1572 4819 1671 4875 salutis
1686 4818 1767 4874 nobis
1783 4833 1833 4889 por

195 4931 249 4986 por
272 4931 304 4972 se
329 4917 501 4974 ambulantes
529 4917 563 4974 ad
592 4917 679 4972 beate
715 4917 779 4972 uitat
805 4917 993 4974 amoenitatem
1042 4913 1136 4971 lesum
1149 4921 1241 4984 pateat
1258 4921 1286 4968 ct
1300 4912 1409 4968 lucerna
1422 4912 1497 4968 verbi
1512 4909 1560 4968 llei
1575 4925 1608 4968 cx
1628 4921 1744 4982 utraque
1756 4918 1834 4980 parte

197 5007 374 5081 (hatthui)
386 5009 557 5076 ;asiuistris
569 5023 635 5065 vero
658 5008 753 5079 pandit
776 5023 806 5064 ac
823 5007 911 5078 platea
936 5007 991 5061 lata
1044 5007 1096 5064 viae
1119 5005 1269 5077 splendeat,
1297 5005 1453 5060 totocorde
1471 5003 1612 5062 sinistrum
1633 5004 1770 5059 tramitem
1788 5017 1833 5058 re-

196 5113 226 5156 et
251 5099 382 5170 spatiosa,
397 5100 500 5156 ducens
525 5099 554 5155 in
568 5115 599 5157 se
621 5099 775 5172 gradientes
798 5098 833 5154 ad
860 5099 991 5154 luctuosae
1046 5099 1210 5169 linquentes,
1221 5096 1348 5153 dextrum
1363 5095 1461 5152 callem
1479 5104 1537 5151 toto
1562 5095 1661 5152 annisu
1676 5109 1833 5166 carpamus,

195 5190 263 5248 ritae
273 5190 992 5264 calamitatem.brotariaetangustaest,mundide·
1046 5201 1077 5250 ut
1104 5193 1138 5250 ad
1161 5207 1299 5248 summam
1323 5191 1516 5248 beatitudinem
1542 5191 1744 5262 perveniamus.
1769 5189 1833 5248 llaec

196 5282 302 5340 sideria
326 5291 355 5339 et
372 5281 465 5339 carnis
481 5282 734 5354 concupiscentiam
757 5281 862 5354 fugere,
886 5281 989 5337 malum
1044 5294 1136 5342 autem
1149 5285 1193 5341 via
1217 5292 1260 5341 cst
1271 5283 1402 5351 charitas,
1424 5299 1473 5354 per
1494 5299 1577 5354 quam
1605 5282 1695 5338 aditur
1718 5295 1834 5338 summae

195 5375 336 5446 promalo
357 5389 413 5428 non
434 5373 558 5438 reddere,
578 5373 679 5444 vigiliis
701 5381 730 5429 ct
751 5373 864 5444 jeiuniis
889 5387 990 5443 corpus
1044 5377 1221 5434 beatitudinis
1246 5375 1369 5434 claritas.
1387 5373 1416 5430 ln
1441 5377 1512 5431 lianc
1535 5375 1649 5432 tendunt
1672 5389 1707 5428 xv
1729 5372 1834 5430 semite

196 5483 351 5533 macerare,
365 5467 536 5522 orationihus
548 5475 577 5521 et
587 5466 706 5522 assiduis
714 5466 842 5522 laudibus
856 5465 991 5522 llei‘insu·
1044 5471 1174 5526 ducentes
1197 5469 1232 5525 ad
1245 5471 1316 5525 atria
1336 5468 1408 5536 vita,
1434 5466 1536 5522 scilicet
1551 5465 1691 5536 patientia,
1709 5463 1834 5536 benigni-

196 5561 278 5617 dare.
290 5559 359 5615 bata
373 5568 465 5616 autem
478 5568 506 5614 et
517 5559 638 5628 spatiosa
649 5558 693 5613 ria
705 5567 747 5614 est
772 5556 876 5620 ludere,
899 5558 991 5624 edere,
1044 5572 1095 5628 tas,
1112 5570 1140 5618 et
1157 5561 1216 5617 aliae
1233 5577 1303 5631 quas
1313 5565 1456 5616 enumerat
1466 5557 1590 5628 Apostoli
1606 5557 1743 5614 subtilitas
1757 5554 1831 5626 (Coi.

196 5653 306 5718 bibere,
320 5650 460 5715 fornicari,
478 5651 582 5717 venari,
602 5650 730 5706 inimicos
741 5649 906 5720 opprimere,
921 5647 992 5704 deli·
1043 5654 1082 5722 v).
1096 5652 1182 5711 l‘orro
1197 5667 1303 5708 summa
1317 5648 1458 5707 beatitudo
1474 5647 1501 5702 iu
1524 5648 1577 5706 hac
1593 5649 1637 5704 ria
1661 5646 1834 5704 ambulantos

197 5745 254 5801 ciis
264 5743 357 5799 carnis
366 5741 498 5798 diffluere.
511 5739 589 5798 lianc
597 5740 823 5798 diabolusducuit
831 5749 858 5796 et
868 5756 917 5813 per
929 5756 991 5796 earu
1043 5745 1123 5816 quasi
1146 5741 1338 5814 septemdecim
1366 5737 1489 5796 brachiis
1503 5735 1538 5794 ad
1565 5753 1595 5795 se
1620 5733 1743 5801 attrahit,
1768 5735 1834 5806 quia
