4017 6342
230 319 296 375 m
777 242 978 349 Ml‘Num
995 298 1139 359 neurus
1158 304 1187 359 s.
1209 301 1320 359 suasu
1827 303 1886 363 tm

236 455 246 485 t
261 430 427 501 adaperire..
444 424 495 481 Sed
506 423 582 495 cnjtts
595 418 677 473 aures
688 380 782 455 t⁰fd¹⁹
795 365 827 423 ad
839 374 1051 471 obeditt-udum
1066 423 1089 481 Α
1104 435 1158 475 non
1179 426 1242 489 post
1256 418 1323 473 deos
1342 414 1428 471 falsos
1443 413 1484 469 rel
1505 412 1610 468 alienos
1630 411 1790 471 oberrantes
1809 432 1885 475 oceo.

237 533 337 593 apertae
352 519 459 583 tuerint,
473 532 506 571 cn
520 496 692 580 subsequenti
718 484 804 561 lis⁰⁰¹¹
862 481 951 555 ¹¹¹)50
967 510 1047 565 etiarn
1098 518 1189 583 patus.

237 615 337 685 tenena
349 612 407 682 elus
419 607 554 663 vinculum
572 600 694 661 soluitur,
711 594 743 639 ut
756 574 826 631 hona
840 578 924 645 (litte
940 595 1046 668 lecerit,
1134 602 1212 661 Unde
1239 604 1275 660 ab
1299 601 1380 657 initio
1405 598 1500 656 sacculi
1524 599 1600 654 ontni
1625 607 1706 654 aetate
1726 613 1888 659 sacramenta

240 706 322 759 etiam
349 700 470 755 iacienda
488 698 548 753 aliis
564 698 699 767 loquatur.
715 668 795 775 Unde·
815 669 840 719 ⁰²
858 664 948 747 hene
972 696 1047 751 addi·
1098 695 1203 751 Christi
1224 704 1252 752 et
1265 695 1398 751 Ecclesiae
1417 693 1555 749 celebrata
1569 700 1645 758 snut,
1659 692 1763 763 quibus
1786 693 1831 747 illc
1849 711 1889 763 po

241 808 296 860 tttr,
315 811 324 843 t
341 801 368 847 et
388 791 548 860 loquebatur
564 799 644 845 reete.
665 778 737 835 tillo
751 776 825 827 emm
844 774 935 839 lecte
960 787 1048 859 loqui·
1098 790 1179 861 pulns
1195 788 1357 854 nutriretur,
1372 796 1400 842 et
1413 793 1514 841 nostras
1529 784 1730 855 redemptionis
1745 786 1889 843 ttaotlusin·

243 895 288 937 tnr
300 884 346 953 qui
364 883 438 953 prius
451 880 602 936 obediendo
626 875 730 940 iecerit,
749 875 811 938 que
830 856 984 935 10t1uend0
999 880 1048 937 ad·
1099 884 1266 938 sinuaretur.
1282 880 1351 937 Nam
1366 880 1456 953 prium
1470 888 1550 935 aetate
1565 878 1653 934 Adam
1668 878 1703 934 dc
1723 887 1796 933 terra
1813 890 1890 937 matre

244 960 430 1029 tatonet'ettam
447 972 580 1027 iacienda.
603 971 697 1025 Aliter.
721 954 973 1029 ttumau'tqenefrs
996 971 1049 1027 ior·
1099 974 1159 1030 sine
1182 984 1293 1030 terreno
1317 982 1394 1043 patre
1416 973 1501 1027 homo
1516 970 1550 1027 ad
1572 971 1722 1043 imaginem
1748 970 1826 1025 [leia
1845 971 1889 1029 lite

243 1050 1049 1129 rttntusttnlusillectmutnsitabuit‚quttttt10Dominusut
1099 1073 1176 1121 serta
1201 1064 1245 1120 die
1271 1064 1425 1135 plasmatus
1446 1070 1489 1119 est
1512 1060 1588 1133 (Cen.
1605 1066 1637 1133 r),
1652 1072 1681 1118 ct
1701 1063 1730 1117 in
1747 1063 1890 1119 norissima

247 1166 358 1211 sanaret
371 1172 417 1226 per
431 1156 498 1211 dues
511 1155 676 1225 becapoteos
689 1147 828 1209 transivit.
845 1145 995 1227 becapolis
1005 1166 1049 1213 est
1099 1167 1177 1213 aetate
1190 1156 1282 1211 seculi
1293 1172 1340 1227 per
1355 1154 1497 1210 Christum
1508 1154 1543 1211 de
1556 1164 1665 1210 terrena
1679 1164 1770 1211 matre
1791 1165 1888 1222 natum,
1964 1183 1965 1194 ι

246 1248 324 1321 regio
349 1249 441 1304 decem
467 1248 621 1315 civitatum,
644 1257 670 1302 et
685 1244 822 1317 significat
848 1243 938 1318 legem
954 1250 1047 1307 decem
1099 1250 1159 1305 sine
1174 1257 1282 1304 terreno
1297 1257 1375 1319 patre
1390 1246 1474 1301 homo
1492 1246 1525 1301 ad
1544 1245 1671 1301 eamdem
1686 1245 1838 1317 imaginem
1852 1246 1891 1303 bei

247 1348 459 1409 praeceptorum.
474 1338 525 1393 Per
538 1338 693 1409 Decapolitn
709 1338 843 1395 Dominus
859 1342 970 1409 transit,
984 1357 1047 1397 eum
1099 1341 1267 1397 reformatus
1290 1348 1341 1395 est.
1365 1339 1405 1395 hd
1421 1339 1501 1410 cujus
1515 1340 1556 1393 rei
1569 1340 1784 1393 consonantiam
1805 1340 1890 1393 cadem

250 1432 304 1487 sub
317 1432 446 1503 decalogo
461 1432 528 1503 legis
543 1434 618 1488 nasei
636 1433 732 1488 voluit.
749 1430 869 1489 Surdum
890 1441 918 1488 et
941 1444 1048 1489 tuntum
1098 1441 1179 1489 aetate
1199 1431 1233 1487 tle
1256 1432 1342 1487 laterc
1363 1430 1439 1497 Adae,
1454 1430 1501 1501 qni
1526 1439 1586 1485 erat
1606 1430 1695 1485 forma
1724 1429 1822 1497 lutnri,
1845 1430 1889 1487 Eva

251 1524 276 1575 ti
294 1522 443 1591 adducunt,
461 1540 522 1579 eum
537 1524 730 1595 praedicatores
744 1541 830 1597 gertus
842 1526 994 1581 humanum
1014 1526 1049 1583 ad
1100 1522 1217 1579 lot-rnatu
1233 1531 1285 1589 cst,
1302 1532 1328 1577 et
1343 1538 1391 1593 per
1405 1522 1568 1591 sangninem
1583 1522 1617 1577 de
1629 1521 1736 1577 Christi
1747 1521 1832 1577 latere
1842 1540 1889 1578 ma-

251 1613 333 1670 tidem
348 1624 519 1684 convertunt,
534 1617 607 1687 qnod
624 1618 738 1673 surdum
754 1626 823 1684 erat,
842 1618 905 1689 quia
920 1617 1049 1673 mandata
1100 1626 1210 1671 nantem
1223 1630 1286 1670 enm
1302 1629 1373 1685 aqua
1389 1613 1616 1669 sanctificationis
1627 1612 1754 1669 Ecclesia
1769 1614 1890 1670 lalrritata

251 1704 302 1762 ilci
315 1707 409 1763 audire
426 1708 544 1765 nolebat.
558 1708 662 1765 hltttmn
678 1718 746 1776 erat,
763 1710 827 1781 quia
846 1726 862 1765 a
881 1710 961 1765 laude
975 1710 1049 1765 Con·
1099 1716 1151 1763 εει.
1177 1705 1303 1762 Secunda
1318 1720 1384 1759 vcro
1395 1713 1476 1759 :etate
1491 1704 1587 1759 mundi
1607 1720 1657 1775 per
1672 1714 1738 1759 oeto
1760 1706 1889 1762 animast

252 1796 350 1853 dito.is
382 1798 498 1853 tacebat.
527 1798 578 1853 Cui
607 1798 740 1855 Dominus
761 1800 884 1857 auditum
921 1776 1407 1867 reddidit,Bsuhmersianediluvii,
1420 1794 1447 1850 id
1466 1802 1571 1883 eztper
1593 1810 1687 1849 aream
1708 1794 1837 1849 liberatas
1851 1814 1891 1850 ea-

252 1886 319 1943 dnm
351 1890 375 1945 ei
396 1889 430 1945 ad
457 1888 646 1962 intelligendas
671 1889 828 1963 Scripturas
853 1907 964 1948 sensnm
986 1907 1051 1961 apc-
1101 1890 1163 1945 dem
1179 1888 1299 1945 Ecclesia
1315 1888 1493 1961 liguratucst,
1506 1902 1569 1958 quae
1589 1886 1616 1941 iu
1629 1903 1678 1957 spc
1691 1896 1809 1951 octarae,
1819 1889 1843 1941 id
1855 1898 1891 1943 est

253 1981 320 2035 satit.
345 2002 354 2033 ι
1101 1980 1313 2037 resurrectionis
1334 1995 1382 2051 per
1394 1995 1480 2050 aquas
1492 1977 1622 2049 baptismi
1648 1994 1705 2033 non
1723 1979 1786 2035 sinc
1801 1980 1891 2034 auritio

1102 2075 1169 2146 ligni
1186 2074 1317 2132 salutatis
1334 2090 1351 2129 a
1373 2074 1565 2131 submersione
1586 2074 1803 2130 exuberantium
1817 2084 1891 2129 tenta-

1103 2166 1208 2221 tionum
1227 2166 1340 2221 libcratn
1358 2175 1410 2223 est.
1432 2164 1523 2220 Tertia
1540 2166 1660 2237 deniqne
1681 2176 1766 2222 anate
1782 2168 1889 2238 populns

290 2248 411 2321 Populus
426 2252 458 2307 od
476 2252 555 2309 iidem
575 2266 689 2311 vocatus
705 2255 858 2313 visibilibus
871 2257 1052 2313 sacramentis
1102 2258 1150 2315 bei
1172 2259 1207 2313 ab
1230 2257 1392 2330 AEgyptiaca
1410 2258 1541 2313 servitute
1564 2257 1700 2313 liberatus
1721 2267 1776 2326 est,
1797 2259 1892 2314 transiit

252 2351 316 2397 crat
339 2344 527 2411 inmittendus,
551 2356 581 2403 ut
605 2364 652 2418 per
675 2348 870 2405 ettltibitiottcm
902 2350 1051 2405 visibilium
1103 2350 1489 2416 marcllttbrum,cctlitmare
1503 2351 1888 2423 rirgapereussumallovsc,

253 2444 348 2505 possut
374 2436 465 2492 venire
491 2436 524 2491 ad
550 2437 716 2495 intellectum
746 2440 935 2497 invisibilium.
965 2440 1053 2497 Nosse
1102 2441 1482 2513 praecariampopntouet.
1500 2442 1599 2498 liostes
1621 2449 1892 2513 atcrgosequnnttr

254 2534 363 2595 oportet
385 2526 493 2582 llomini
519 2532 684 2597 sacerdotes,
704 2531 749 2601 qni
777 2532 829 2587 hoc
849 2541 1051 2589 sacramentum
1103 2542 1129 2588 ct
1145 2533 1370 2603 submerguntur,
1387 2539 1415 2587 ct
1436 2532 1481 2588 hic
1504 2533 1618 2603 repetita
1634 2541 1676 2587 est
1700 2532 1832 2603 baptismi
1854 2548 1890 2602 per

356 2116 394 2173 Dc
409 2119 590 2174 sacerdotibus
604 2128 629 2175 ct
643 2136 689 2175 rea
703 2122 827 2177 etutidar
843 2122 945 2177 seculi.

255 2626 439 2684 cuttttactant,
456 2620 566 2674 ttmdttm
583 2630 609 2676 et
622 2620 745 2677 ordinem
763 2634 1011 2693 sacramentorttm,
1026 2634 1053 2682 ct
1103 2626 1207 2699 lignum
1222 2624 1397 2681 salutiferum
1413 2628 1556 2683 consecuti
1567 2624 1764 2682 sanctificatio.
1780 2622 1844 2679 Nam
1855 2643 1892 2681 tr·

254 2709 398 2765 veritatem
423 2726 514 2765 rernm
535 2710 760 2783 significatarum.
784 2712 913 2786 Alioquin
937 2716 1051 2787 dispeu-
1103 2720 1148 2775 bct
1162 2734 1238 2773 mare
1255 2718 1390 2787 Rubrum,
1407 2720 1487 2775 rubet
1500 2727 1527 2774 et
1548 2718 1708 2788 baptismus
1721 2716 1824 2772 Christi
1838 2734 1890 2771 saa

159 2842 166 2862 ,.
256 2811 363 2857 satores
387 2812 449 2857 sunt
473 2811 576 2859 tttntum
597 2805 790 2875 mysteriorum
814 2806 840 2878 (1
852 2808 913 2863 Cor.
928 2808 964 2877 tr)
989 2815 1052 2863 tau·
1103 2812 1186 2883 guinc
1206 2818 1394 2867 consecratus.
1416 2810 1516 2867 llostes
1535 2827 1552 2865 a
1568 2820 1645 2881 tergo
1671 2819 1819 2879 sequentes
1841 2824 1891 2862 nto

256 2909 340 2963 quam
360 2897 426 2951 ctcei
441 2894 525 2951 duces
546 2912 694 2965 caecorum,
718 2898 844 2955 utilitatis
860 2908 965 2955 tatttnm
990 2902 1053 2956 inde
1104 2905 1224 2969 riantur,
1250 2903 1315 2975 quia
1341 2913 1451 2972 peecata
1472 2901 1612 2973 praeterita
1635 2910 1663 2956 et
1687 2901 1828 2971 praesentia
1852 2916 1890 2969 pr

256 2986 376 3041 habituri
402 2995 535 3061 qnantum
555 2988 668 3059 capiunt
688 2988 828 3059 jumenta,
857 3008 918 3063 qttae
942 3000 1054 3063 portant
1104 2997 1271 3068 baptismum
1285 2996 1421 3051 delentur.
1443 2994 1549 3051 lieltioc
1564 2994 1593 3049 itt
1610 3004 1712 3064 quarta
1727 2992 1840 3047 etatcin
1854 2992 1889 3045 ilia

256 3094 342 3149 panes
357 3080 391 3135 atl
405 3096 472 3136 ttstts
487 3080 615 3147 aliorum,
633 3081 696 3137 lieet
711 3082 801 3137 divina
818 3084 905 3155 gratia
927 3099 982 3139 non
1004 3085 1089 3179 dec
1105 3098 1213 3144 terrena
1233 3097 1336 3144 aeterna
1356 3086 1527 3143 liiernsalcm
1545 3087 1646 3141 elarttit
1670 3101 1785 3155 regnum
1806 3083 1889 3147 baril,

257 3179 331 3227 serat
346 3182 561 3239 sacramentum,
575 3172 649 3244 quod
672 3188 721 3243 pcr
736 3188 783 3229 cos
798 3174 831 3230 ad
844 3175 961 3229 salutem
983 3174 1053 3229 alio·
1104 3180 1207 3235 Christi
1222 3189 1250 3235 et
1272 3179 1402 3235 Ecclesiae
1416 3196 1530 3249 regnum
1550 3180 1731 3250 praeligemus
1746 3196 1752 3230 :
1769 3176 1803 3231 de
1820 3176 1891 3243 enjus

256 3281 319 3319 rum
341 3265 560 3321 administratur.
585 3264 733 3321 Attetrdattt
757 3280 823 3337 crgo
847 3266 1052 3321 [dominicorum
1104 3274 1209 3328 severine
1232 3273 1303 3328 idem
1321 3271 1449 3328 christus
1471 3280 1553 3328 natas
1575 3281 1629 3337 est,
1653 3270 1679 3325 in
1701 3268 1823 3323 Ecclesia
1845 3282 1891 3321 sta

257 3366 493 3415 sacramentorum
504 3357 719 3429 dispensatores,
736 3358 800 3429 quia
814 3356 935 3415 Ecclesia
949 3357 1052 3415 Christi
1104 3365 1265 3437 spiritaliter
1278 3381 1398 3437 regnans
1408 3375 1436 3421 et
1447 3380 1508 3421 cam
1524 3364 1578 3421 sihi
1592 3365 1822 3433 obtemperantem
1836 3368 1891 3431 put

257 3450 380 3521 qnotidie
393 3466 426 3505 ex
440 3452 577 3523 gentibus,
592 3452 770 3523 operantibus
787 3452 883 3509 iisdem
895 3467 1053 3508 sacramen·
1104 3467 1228 3529 tempora
1250 3456 1369 3529 gloriose
1390 3473 1538 3513 coronans.
1559 3455 1625 3512 lude
1640 3464 1683 3511 est
1698 3456 1772 3524 qnod
1797 3456 1842 3522 qni
1868 3453 1891 3505 in

257 3544 304 3609 tis,
321 3554 484 3615 aggregatur
497 3543 615 3615 populus
641 3544 848 3615 acquisitionis,
874 3544 954 3615 eujus
971 3553 1053 3615 capnt
1105 3551 1226 3608 Sabbato
1238 3559 1334 3607 saneto
1347 3559 1413 3607 sunt
1424 3550 1594 3621 baptizandi,
1618 3556 1719 3618 quarta
1732 3544 1890 3601 hebdomada

257 3649 300 3696 est
321 3638 466 3705 Christus3
483 3655 532 3708 per
554 3638 635 3694 iidem
651 3646 807 3711 generatur,
824 3654 871 3711 per
893 3638 1054 3695 alteritatem
1104 3642 1351 3715 quadragesimalis
1369 3642 1561 3709 observantia,
1577 3657 1640 3713 quae
1656 3640 1832 3697 continentia
1849 3654 1890 3691 no

259 3732 393 3786 invirum
409 3730 560 3801 perlectum
583 3732 713 3799 nutritur,
729 3747 778 3803 spe
790 3730 950 3788 aetemitatis
967 3731 994 3787 in
1008 3746 1055 3786 ea·
1105 3734 1149 3791 his
1164 3749 1242 3789 arma
1256 3732 1407 3800 ministrat,
1421 3741 1449 3788 et
1463 3742 1562 3804 quarta
1578 3730 1755 3788 hebdomade
1768 3729 1832 3785 levia
1849 3744 1889 3782 ea-

259 3823 322 3879 dem
337 3822 390 3879 lidc
404 3832 432 3879 ct
448 3824 581 3879 charitate
602 3824 746 3890 solidatur,
763 3837 789 3881 ct
800 3825 923 3879 omnium
942 3831 1055 3881 saneto·
1105 3825 1259 3882 techitandi
1272 3834 1300 3881 et
1313 3826 1489 3881 exorcizandi
1505 3825 1718 3881 deferunturad
1734 3822 1887 3878 Ecclesiam:

261 3931 323 3971 rum
339 3916 578 3973 adntinistratione
591 3916 625 3971 ad
641 3916 715 3972 hunc
730 3918 810 3972 linem
827 3916 954 3983 refertur,
967 3924 997 3971 ut
1012 3919 1055 3969 ln·
1106 3918 1143 3974 ihi
1158 3918 1280 3973 audituri
1301 3926 1328 3974 ει
1341 3918 1495 3974 instruendi
1516 3918 1633 3989 qualiter
1647 3926 1746 3973 eontra
1768 3916 1890 3986 spititalts

260 4010 363 4082 telligat
377 4008 528 4065 Ecclesiam
544 4008 592 4063 ilei
611 4016 742 4079 tanquam
756 4010 868 4067 domum
888 4010 914 4065 itt
928 4008 981 4065 lide
992 4006 1055 4063 inu·
1107 4011 1244 4085 nequitias
1255 4011 1309 4068 siut
1322 4011 1480 4083 pugnaturi,
1502 4012 1550 4067 sed
1569 4021 1662 4067 tamen
1681 4012 1814 4080 usquein
1831 4006 1890 4062 sau-

259 4100 319 4155 dari
330 4100 473 4157 dilectione
481 4098 530 4155 ilci
540 4107 567 4155 ct
576 4098 706 4170 proximi,
717 4108 846 4169 tanquam
856 4098 975 4169 parietes
986 4096 1057 4178 hene
1106 4106 1200 4161 hatum
1215 4105 1345 4175 paschale
1361 4104 1516 4175 baptismus
1528 4119 1626 4159 corum
1641 4102 1781 4167 differtur,
1793 4102 1841 4156 hoc
1855 4110 1889 4153 at-

260 4192 313 4249 sihi
328 4190 729 4261 cohaerentessuperaedilicari,
746 4189 868 4259 ejusdem
883 4188 1056 4244 altitudinem
1106 4191 1234 4255 qendbme
1250 4196 1383 4264 Ecclesia,
1397 4197 1462 4268 qnia
1483 4196 1531 4267 qui
1546 4196 1579 4251 ad
1593 4210 1712 4266 agonem
1735 4192 1889 4265 inpraesenti

260 4300 310 4356 spe
322 4286 483 4343 aeternitatis
498 4283 705 4357 gloriosissimae
719 4280 864 4339 cumulari.
880 4278 937 4335 lioc
954 4294 1056 4350 eorpus
1106 4292 1163 4347 qna
1181 4299 1326 4355 vocantur,
1351 4288 1379 4343 in
1397 4304 1445 4358 spe
1468 4286 1567 4343 lttturae
1591 4286 1696 4356 qnietis
1719 4287 1888 4357 baptizanta·-

260 4376 363 4435 Christi
379 4378 442 4433 licet
455 4377 597 4432 nativitate
609 4376 707 4447 eapitis
720 4374 762 4429 sui
778 4382 911 4429 consueto
924 4370 1055 4427 nascendi
1109 4382 1186 4438 szeqq
1198 4382 1271 4437 enim
1293 4389 1390 4436 contra
1408 4378 1531 4434 visibiles
1555 4378 1649 4433 hostes
1665 4379 1825 4448 pugnaturi.
1845 4390 1889 4427 nen

262 4472 359 4527 ordine
376 4470 553 4527 wbstcuittffl
566 4474 617 4534 0⁵¹.
637 4476 728 4523 '³¹¹¹ssss
746 4466 828 4537 huius
844 4466 941 4536 edistis
957 4464 1057 4520 ”illli-
1071 4480 1381 4563 unamquamquam,
1405 4470 1432 4526 id
1456 4480 1498 4525 est
1519 4468 1636 4539 juvenili
1650 4477 1733 4523 etate
1747 4468 1888 4538 eliguntur:

263 4574 317 4619 tem
327 4566 354 4619 itt
366 4558 922 4633 unitatesubsecuturi,corporisquaedam
933 4558 1056 4615 ntentbra
1109 4565 1150 4623 ste
1163 4565 1190 4619 tn
1206 4560 1511 4633 11acaeeatepqgnaeuri
1527 4558 1675 4616 validiores
1697 4561 1732 4614 ad
1755 4555 1890 4612 invisitatas

264 4660 472 4725 lb'ffifflssslfflih
487 4649 649 4723 P²ll¹²l⁰hae
678 4651 781 4707 Seme&
806 4660 833 4705 θῑ
854 4650 1004 4720 milhem,
1030 4656 1058 4703 0¹
1109 4658 1203 4713 hostes
1215 4654 1396 4726 repellendos,
1415 4654 1511 4725 sicque
1522 4653 1556 4707 ad
1577 4652 1767 4707 Christianam
1780 4650 1888 4705 militiam

267 4754 345 4808 tttttlti
357 4752 425 4823 justi
437 4751 485 4822 qui
499 4749 632 4821 prodigiis
646 4758 673 4805 et
684 4750 829 4820 praeeoniis
847 4747 941 4805 multis
957 4745 1058 4801 nativi·

265 4854 348 4900 tatem
373 4844 472 4915 eapitis
493 4850 520 4899 ct
543 4841 665 4901 secuturi
687 4841 811 4912 corporis
831 4848 1059 4912 praemonstrave-

264 4948 340 4997 runt.
361 4940 439 5007 Quod
455 4940 524 4995 bene
541 4948 681 4995 ostensum
701 4947 740 4993 est
763 4936 789 4991 in
813 4934 898 4991 Jacob
919 4932 1059 4991 interioris

265 5032 359 5107 populi
380 5044 473 5106 typum
496 5032 658 5089 habentem:
683 5029 730 5101 qui
752 5028 786 5083 ad
808 5036 900 5083 ortum
925 5027 1060 5083 festinans

266 5142 379 5183 suanum
412 5124 554 5195 praemisit,
581 5124 701 5193 plantam
736 5118 828 5174 iratris
856 5118 969 5190 majoris
993 5127 1059 5171 natu

250 5233 350 5289 ,manu
369 5224 463 5273 tenens
478 5214 555 5287 (Gen.
571 5225 653 5285 xxv),
667 5213 720 5267 hoc
734 5208 807 5264 iacto
820 5208 980 5279 signitleans
992 5208 1057 5278 quia

267 5310 412 5380 reprobato
427 5307 513 5379 priori
529 5307 641 5378 populo,
653 5302 736 5371 cujus
750 5308 845 5371 typum
859 5300 970 5369 gerebat
985 5299 1059 5355 Esau

267 5402 355 5473 (dont.
365 5402 415 5469 tx),
425 5400 582 5457 irasciturus
595 5403 667 5453 essct
679 5393 771 5447 mitmr
785 5391 911 5459 populus,
924 5390 1060 5447 Christia-

250 5512 320 5559 ¹nus
334 5494 467 5558 videlicet,
486 5492 533 5561 qtti
549 5487 768 5545 benedictionem
783 5480 830 5538 Ilei
852 5482 941 5540 Patris
957 5494 1060 5543 aetertta

266 5585 423 5643 haereditate
428 5585 587 5656 possideret.
599 5582 673 5637 lllius
685 5578 788 5649 quippe
796 5577 1061 5636 Patrissacramenta

251 5686 333 5741 ‚sunt
355 5688 449 5733 nostra
470 5677 643 5741 documenta,
670 5668 775 5742 quibus
791 5669 834 5725 ille
852 5678 982 5740 tanquam
998 5688 1062 5743 par·

266 5767 348 5825 volut
361 5776 403 5823 est
420 5768 545 5837 lactatus,
561 5775 587 5825 et
602 5766 677 5822 circa
695 5760 781 5817 unius
800 5762 855 5819 veri
875 5760 922 5819 bei
944 5765 1061 5830 cultum,

1110 4748 1162 4805 sub
1179 4757 1244 4819 typo
1268 4744 1351 4815 hujus
1375 4744 1483 4799 numeri
1496 4742 1574 4799 electi
1597 4740 1789 4797 Christianum
1803 4751 1888 4793 nomm

1111 4839 1225 4894 viriliter
1235 4845 1391 4905 exerceant,
1402 4845 1431 4892 et
1444 4845 1474 4891 ut
1482 4835 1612 4892 coronari
1621 4843 1792 4898 arcessatur,
1803 4832 1835 4886 ab
1843 4828 1891 4885 acie

1100 4948 1164 5003 ,trun
1179 4930 1316 4986 recedant.

1146 5024 1212 5079 Post
1229 5032 1353 5094 tempora
1369 5037 1434 5078 vero
1446 5020 1523 5092 regni
1540 5016 1623 5074 ismei
1643 5018 1741 5089 quinta
1763 5024 1837 5070 aetate
1856 5012 1880 5065 in

1111 5120 1228 5176 choante
1245 5126 1356 5189 propter
1369 5108 1574 5187 perversitatem
1587 5110 1730 5182 praetaxati
1745 5108 1833 5180 populi
1852 5120 1892 5159 ea·

1112 5213 1232 5285 privantc
1242 5208 1397 5281 Babyloniae
1410 5224 1473 5279 rege
1483 5204 1692 5275 transmigrarit
1705 5202 1776 5258 idem
1787 5199 1891 5270 populns

1111 5307 1140 5361 in
1156 5303 1345 5377 Babyloniam,
1359 5302 1445 5371 etqui
1459 5296 1615 5354 confusioni
1628 5294 1764 5349 servierat
1778 5291 1892 5347 vulunta-

1112 5397 1170 5452 rius
1192 5396 1249 5466 regi
1272 5392 1429 5465 Babylonis,
1454 5390 1526 5461 qnod
1551 5388 1751 5457 iuterpretatur
1772 5383 1892 5451 cortsnsio,

1113 5488 1224 5546 servivit
1242 5487 1353 5541 inritus.
1381 5484 1446 5539 Post
1469 5497 1520 5537 ιιι
1543 5494 1634 5535 annos
1657 5478 1775 5533 iaciente
1793 5472 1892 5529 Christo

1112 5580 1184 5653 Cyro
1208 5595 1335 5635 reversus
1347 5590 1388 5633 cst
1409 5576 1477 5631 idem
1501 5570 1629 5643 populns,
1648 5571 1722 5624 sicut
1742 5567 1892 5639 praedixerat

1112 5672 1202 5743 primo
1212 5670 1298 5736 isaac,
1314 5668 1410 5724 deinde
1420 5663 1560 5721 ieremias.
1577 5659 1658 5727 Quod
1673 5660 1786 5715 beticam
1800 5663 1891 5709 statum

1113 5765 1230 5837 pertinet
1244 5761 1381 5828 Ecclesiae,
1394 5776 1453 5831 quae
1463 5764 1524 5829 post
1534 5751 1618 5825 hujus
1636 5746 1732 5810 saecnii
1750 5750 1826 5806 linem
1838 5756 1891 5814 qne
