4017 6342
128 420 192 480 toll
576 411 863 471 bartolttmolttts
883 414 932 471 SS.
954 416 1108 475 rinnon.
1128 448 1162 459 -
1181 415 1247 473 tto.
1267 414 1300 471 ll.
1676 421 1752 476 ‘tois

127 530 204 592 animi
216 523 345 600 pudicitia
359 524 491 596 corporis,
512 534 540 582 et
558 525 586 582 in
610 526 690 583 malis
705 526 733 583 id
755 528 827 599 quod
851 528 903 599 ipsi
918 545 941 601 g
957 528 1056 587 laisum
1074 539 1126 602 εει,
1140 532 1184 588 vel
1204 538 1310 589 certum
1333 528 1436 588 hahere
1461 545 1512 602 pro
1526 530 1642 600 incerto,
1660 531 1752 589 incer·

125 623 275 681 lacimuseo
287 617 359 688 quod
373 617 429 672 deri
440 617 558 675 sinimus
570 617 660 689 majus
674 628 725 675 est.
955 633 1049 681 tumve
1064 639 1115 696 pro
1128 632 1213 692 certo,
1229 624 1287 681 siue
1309 621 1410 680 laisum
1426 621 1463 678 sit
1481 622 1539 679 sive
1551 638 1658 679 rerum.
1672 621 1752 694 Unde

157 714 185 769 ln
203 711 245 767 his
263 724 328 780 ergo
345 717 407 765 octo
422 709 568 780 generibus
582 717 657 766 tauto
672 711 791 783 quisque
813 713 906 771 minus
955 722 983 771 ct
996 715 1118 771 haeretici
1133 716 1176 770 uel
1190 712 1254 770 falsi
1270 714 1411 785 prophetae
1434 713 1681 785 pseudopropheta
1706 713 1751 768 di-

123 810 221 878 peccat,
233 815 295 856 cum
316 800 457 868 mentitur,
475 808 579 871 quanto
590 802 704 873 emergit
715 802 749 859 ad
766 811 904 869 octavum,
956 816 1067 865 cuntur.
1079 808 1143 879 quia
1151 805 1308 877 Scripturas
1319 823 1375 862 uon
1390 820 1459 863 sano
1473 820 1556 862 sensu
1570 805 1691 877 sapiunt,
1702 802 1752 861 sed

124 904 248 964 tantoque
261 892 378 962 amplius
390 900 495 961 quanto
510 893 626 964 emergit
637 892 671 949 ad
684 893 814 964 primum.
827 894 906 961 Quis·
956 909 1004 953 eas
1024 896 1060 953 ad
1081 911 1203 953 errorem
1224 911 1315 968 prauae
1328 894 1514 966 intelligentia
1524 894 1644 961 ducunt;
1662 908 1752 964 neque

122 990 181 1061 quis
193 991 282 1041 autem
297 996 358 1037 esse
370 982 481 1052 aliquod
494 998 580 1054 genus
595 984 730 1040 mendacii
754 986 826 1056 quod
841 1000 907 1056 pec·
957 988 1119 1058 semetipsos
1142 1002 1238 1043 earum
1263 988 1392 1043 sensibus
1406 986 1539 1051 subdunt,
1561 985 1608 1043 sed
1628 1000 1676 1042 eas
1688 998 1752 1056 per·

122 1087 207 1137 catum
221 1088 275 1130 uon
294 1073 329 1129 sit
353 1074 499 1145 putauerit,
521 1074 636 1145 decipiet
645 1076 764 1146 seipsum
778 1076 905 1146 turpiter,
956 1092 1036 1135 verse
1049 1077 1083 1134 ad
1101 1092 1224 1135 errorem
1237 1078 1378 1149 proprium
1391 1078 1514 1133 trabunt.
1529 1075 1662 1132 Doctores
1673 1088 1752 1130 erro-

121 1185 180 1227 cum
205 1167 348 1223 honestum
370 1180 400 1221 se
415 1165 587 1237 deceptorem
607 1167 758 1223 arbitratur
775 1168 905 1225 aliorum.
956 1184 1030 1237 rum,
1045 1167 1152 1225 scilicet
1166 1168 1297 1235 haeretici,
1307 1168 1400 1239 pravis
1412 1164 1692 1238 persuasionibus.ita
1703 1178 1752 1235 per

122 1261 258 1318 Mandanes
280 1256 374 1328 itaque
401 1256 508 1314 laciuut
534 1267 565 1315 ut
597 1275 647 1315 noc
669 1274 732 1315 vera
753 1259 906 1315 dicentibus
957 1265 1117 1331 argumenta
1133 1256 1324 1315 fraudulentiae
1338 1272 1404 1314 suos
1422 1258 1528 1327 illigant
1551 1256 1700 1323 auditores,
1714 1262 1752 1309 ·ut

121 1350 258 1416 crudarum
280 1347 368 1404 reddit
390 1348 464 1405 euim
486 1364 558 1421 saepe
575 1349 714 1405 hominem
729 1350 814 1405 multa
829 1348 906 1407 lalsi-
957 1367 1005 1410 eos
1020 1354 1101 1425 quasi
1112 1351 1269 1424 labyrintho
1281 1350 1432 1420 implicent,
1448 1360 1532 1420 aquo
1545 1348 1621 1404 exire
1631 1361 1688 1403 non
1701 1361 1751 1401 ra·

122 1441 250 1499 tasetiam
271 1440 299 1495 in
312 1438 426 1495 veritate
438 1449 606 1511 suspectum.
623 1438 701 1511 Saepe
713 1456 777 1497 vcra
790 1442 907 1513 promit·
958 1442 1042 1498 leant.
1068 1442 1156 1497 Tanta
1177 1450 1219 1497 est
1240 1440 1433 1496 hereticorum
1454 1439 1600 1505 calliditas,
1627 1444 1659 1493 nt
1682 1435 1752 1493 lalsa

121 1528 526 1603 titquilalsadicturusestmt,
538 1544 600 1586 com
613 1530 732 1601 primurn
746 1530 908 1601 acquisierit
956 1534 1031 1589 veris
1054 1533 1183 1604 malaque
1201 1531 1283 1588 bonis
1309 1530 1505 1603 permisceant,
1530 1528 1753 1599 salutaribusque

121 1620 251 1688 tidemad
276 1619 382 1691 reliqua
403 1620 546 1677 mendacia
567 1621 709 1677 audientes
724 1620 907 1679 credulosia·
956 1625 1041 1683 rebus
1064 1626 1227 1697 plerumque
1251 1638 1379 1680 errorum
1402 1623 1478 1681 virus
1502 1622 1678 1689 interserant,
1697 1635 1754 1692 quo

120 1717 179 1773 ciat.
198 1712 290 1769 hlultis
306 1712 432 1769 uidentur
445 1727 509 1769 uera
533 1728 595 1769 esse
615 1728 678 1783 quae
701 1712 769 1771 laisa
794 1722 869 1781 sunt,
881 1724 908 1769 et
957 1716 1067 1774 facilius
1090 1715 1200 1788 possint
1219 1716 1383 1788 pravitatem
1399 1715 1521 1787 perversi
1542 1712 1679 1786 dogmatis
1700 1710 1753 1769 rob

120 1807 177 1863 ideo
196 1819 252 1859 non
271 1818 303 1859 er
326 1802 393 1871 Deo,
406 1804 453 1859 sed
478 1820 510 1859 ex
539 1818 591 1861 suo
618 1804 760 1861 mendacio
786 1805 907 1876 loquuu-
958 1808 1049 1879 specie
1069 1808 1237 1880 persuadere
1259 1807 1395 1862 veritatis.
1425 1804 1592 1876 Plerumque
1623 1803 1676 1859 sub
1701 1816 1754 1857 uo-

120 1906 169 1953 tnr.
190 1894 391 1966 Nonnunquam
408 1891 512 1951 falsitas
527 1896 680 1967 veriloquio
694 1896 864 1967 adjungitur,
878 1905 906 1953 ct
921 1902 942 1957 Β
957 1897 1031 1955 mine
1060 1897 1258 1957 catholicorum
1285 1898 1430 1955 doctorum
1455 1896 1577 1953 haretici
1605 1910 1656 1951 sua
1678 1893 1753 1951 dicta

120 1994 273 2064 plerumque
294 2004 309 2043 a
335 1988 448 2044 ueritate
474 1988 572 2060 incipit
598 1989 646 2060 qui
660 1986 731 2045 ialsa
754 1989 905 2061 contingit;
958 1992 1146 2061 conscribunt,
1161 2001 1192 2048 ut
1209 1990 1398 2048 indubitanter
1408 1989 1479 2045 lecta
1496 1988 1653 2046 credantur.
1678 1985 1754 2041 Non-

119 2085 198 2139 latent
208 2079 279 2151 sape
287 2095 352 2137 vera
366 2078 549 2137 circumlinita
559 2080 838 2145 melleverborum‚et
847 2088 908 2135 tau·
958 2096 1099 2156 nunquam
1123 2083 1308 2156 blasphemias
1329 2098 1394 2140 suas
1415 2081 1510 2137 latenti
1533 2080 1596 2136 dolo
1622 2080 1651 2135 in
1674 2078 1753 2135 libris

117 2174 161 2229 diu
179 2174 309 2242 deceptor
325 2172 468 2227 ueritatem
482 2171 604 2240 simulat,
626 2186 772 2244 quousque
788 2172 907 2229 fallendo
958 2187 1115 2233 nostrorum
1127 2177 1305 2243 interserunt,
1316 2174 1527 2245 doctrinamque
1541 2188 1633 2229 veram
1646 2170 1753 2229 adulte·

118 2266 237 2336 decipiat.
253 2261 458 2335 Nonnunquam
479 2264 559 2336 peius
573 2274 617 2321 εει
632 2264 806 2322 mendacium
818 2264 907 2321 medi·
958 2270 1045 2326 nando
1058 2268 1359 2341 corrumpunt‚scilicet
1373 2267 1415 2322 rel
1429 2265 1654 2336 adjiciendoque
1669 2262 1753 2333 impia

117 2356 164 2412 itti
177 2370 258 2426 duam
278 2354 364 2426 loqui·
386 2352 455 2410 Nam
478 2354 616 2411 interdum
640 2355 759 2427 ditisque
778 2356 907 2411 incautus
958 2370 1034 2428 sunt,
1049 2361 1092 2418 vol
1105 2360 1255 2418 auferendo
1266 2376 1328 2432 quae
1339 2360 1384 2430 pia
1396 2368 1470 2415 sunt.
1486 2356 1573 2413 Caute
1584 2354 1752 2422 meditanda,

117 2448 180 2503 solet
194 2462 226 2502 ex
240 2446 458 2517 precipitatione
473 2446 548 2517 loqui
559 2446 751 2515 mendacium,
781 2446 908 2503 meditari
958 2461 1095 2525 mumque
1124 2468 1208 2509 mmm
1236 2451 1377 2524 probanda
1403 2457 1468 2506 sunt
1484 2466 1546 2521 quac
1567 2449 1706 2520 loquutur,
1721 2449 1760 2503 ut·

116 2550 201 2595 autem
210 2538 612 2610 nonpotestnisiperstudium.
622 2538 863 2612 Grauiusergoillc
873 2553 908 2596 ex
955 2544 1035 2617 Juxta
1050 2545 1200 2617 apostolica
1213 2544 1328 2611 monita,
1338 2552 1366 2599 et
1378 2552 1594 2613 teneamusque
1604 2548 1678 2596 recta
1688 2547 1754 2596 suut

116 2632 202 2688 sturlio
225 2632 339 2687 inaniri
361 2630 529 2703 perhibetur,
543 2646 625 2702 quarn
641 2632 665 2689 is
681 2632 908 2705 quiexpraecipi·
959 2636 987 2707 (1
1010 2636 1152 2711 Thomu),
1174 2644 1202 2693 et
1224 2634 1376 2693 refutemus
1400 2650 1463 2706 quae
1482 2632 1621 2692 contraria
1644 2632 1754 2689 veritati

116 2722 213 2775 tatione
239 2721 302 2776 sola
321 2721 464 2778 mentitur.
482 2720 662 2792 summopere
687 2725 838 2780 cavendum
865 2732 908 2780 est
958 2732 1091 2799 existere
1113 2731 1209 2801 sicque
1223 2728 1305 2785 bonis
1318 2728 1500 2795 instruamur,
1511 2736 1543 2783 nt
1556 2741 1572 2783 a
1584 2724 1664 2785 malis
1674 2723 1753 2781 illaesi

116 2828 191 2867 omne
202 2813 524 2884 menrlacium,quamuis
536 2827 735 2886 rtonnunquam
747 2816 783 2873 sit
796 2816 908 2887 aliquod
958 2838 1179 2895 permaneamus.

116 2904 246 2959 mendacii
260 2920 352 2975 genus
365 2905 451 2975 culpa
461 2906 582 2975 levioris,
602 2908 626 2963 si
640 2908 788 2978 quisquam
800 2922 851 2978 pro
864 2923 909 2965 sa-
994 2912 1073 2980 Quod
1087 2921 1178 2969 autem
1192 2912 1313 2969 loannes
1326 2910 1361 2967 de
1376 2911 1477 2967 talibus
1489 2909 1629 2981 prophetis
1638 2907 1667 2964 in
1677 2907 1754 2979 Apu·

116 2998 168 3052 luto
188 2998 335 3054 hominum
353 3000 510 3056 mentiatur.
534 3000 587 3057 Sed
610 3000 675 3071 quia
697 3000 829 3075 scriptum
845 3009 906 3059 est:
959 3004 1062 3077 calgpsi
1082 3019 1132 3061 sua
1148 3004 1222 3059 dicat
1235 3004 1388 3058 rideamus.
1404 3000 1522 3070 allidit
1538 3000 1677 3071 inquiens,
1691 3018 1703 3053 a
1719 2998 1757 3057 da

117 3088 175 3145 ‹0s
189 3090 264 3160 quod
288 3092 418 3147 mentitur
441 3091 541 3149 occidit
565 3090 775 3163 animam(Sup.
794 3093 824 3165 r),
839 3114 849 3147 r
865 3100 906 3150 et:
959 3109 1008 3151 ore
1019 3095 1156 3162 draconis,
1171 3107 1199 3150 et
1218 3094 1253 3150 de
1278 3108 1326 3149 ore
1340 3094 1445 3160 bestia,
1466 3104 1494 3149 et
1515 3093 1550 3149 de
1572 3108 1620 3148 ore
1634 3092 1755 3164 pseudo·

117 3198 125 3231 a
139 3180 237 3238 Perdes
254 3198 309 3239 eos
324 3184 371 3254 qui
387 3184 537 3255 loquuntur
551 3183 723 3240 mendacium
737 3183 824 3257 (Prot.
843 3184 904 3254 u),r
921 3231 943 3287 C
960 3186 1099 3257 prophetae
1113 3185 1226 3257 spiritus
1241 3194 1298 3241 tres
1322 3184 1480 3241 immundos
1495 3185 1523 3240 in
1546 3184 1657 3241 modurn
1672 3199 1755 3240 rana·

114 3276 163 3331 hoc
173 3292 290 3349 quoque
302 3276 436 3335 mendacii
448 3294 534 3350 genus
546 3278 657 3349 perlecti
670 3280 721 3335 uiri
734 3295 908 3353 summopere
960 3295 1022 3335 rum
1033 3278 1123 3335 exisse
1135 3278 1229 3350 (alpos.
1246 3278 1313 3345 rur).
1329 3297 1338 3329 r
1364 3275 1435 3344 Quid
1448 3286 1490 3333 est
1503 3278 1586 3333 draco
1600 3278 1612 3331 l
1635 3278 1689 3333 hoe
1711 3285 1756 3334 εει

114 3366 229 3439 lugiunt,
246 3376 278 3423 ut
297 3368 424 3424 nectitia
438 3369 586 3440 cujuslibet
600 3386 647 3441 per
660 3386 756 3426 eorum
771 3370 908 3429 fallaciam
959 3380 986 3426 et
1006 3370 1092 3426 bestia
1105 3378 1133 3425 et
1156 3369 1404 3441 pseudopropheta,
1418 3368 1446 3424 id
1471 3376 1514 3423 est
1535 3368 1660 3424 diabolus
1689 3383 1755 3425 cum

113 3458 308 3527 defendantur,
317 3474 367 3515 nec
379 3474 435 3516 sue
446 3462 544 3517 animae
558 3470 685 3530 noceant,
698 3460 763 3517 dum
779 3474 909 3535 prestare
959 3463 1034 3519 omni
1049 3476 1164 3533 corpore
1178 3476 1240 3517 suo.
1255 3460 1358 3516 Tamen
1383 3468 1495 3531 propter
1515 3459 1676 3517 instantiam
1689 3474 1756 3531 per·

114 3553 234 3606 nituntur
246 3552 349 3609 alienae
366 3552 453 3620 carni,
466 3567 625 3624 quanquam
638 3553 690 3611 boc
703 3554 793 3624 ipsum
805 3556 909 3625 peccati
960 3572 1091 3612 sonarum
1104 3565 1132 3612 et
1152 3564 1320 3627 potestatum
1334 3554 1381 3609 illa
1402 3561 1599 3614 commemorat
1613 3568 1674 3624 quae
1694 3568 1755 3609 ma·

112 3660 195 3712 genus
209 3644 346 3699 facillime
358 3644 503 3700 credamus
519 3644 648 3700 relaxari.
663 3642 731 3699 Nam
747 3645 770 3701 si
782 3645 910 3716 quelibet
958 3647 1045 3719 iorem
1061 3648 1163 3703 liabent
1176 3655 1338 3726 potestatem
1350 3648 1378 3702 in
1394 3646 1454 3716 ipso
1478 3646 1613 3701 malorum
1628 3658 1754 3715 corpore,

113 3734 188 3803 culpa
203 3734 337 3805 sequenti
346 3734 470 3791 mercede
484 3744 626 3807 purgatur,
643 3741 747 3806 quanto
758 3735 846 3807 magis
856 3735 910 3793 hoc
959 3739 1108 3794 draconem
1124 3739 1238 3804 scilicet,
1265 3738 1292 3793 id
1305 3746 1348 3793 cst
1358 3737 1497 3794 diabolum
1511 3738 1661 3804 ;bestiam,
1676 3736 1757 3791 huti-

111 3824 189 3881 lacile
204 3826 378 3897 abstergitur
395 3840 479 3896 quarn
494 3842 599 3882 merces
616 3826 674 3895 ipsa
696 3826 908 3883 concomitatur.
961 3827 1117 3894 christum;
1134 3826 1410 3897 pseudoprophetam,
1424 3826 1452 3881 id
1468 3835 1521 3893 est,
1536 3828 1664 3884 doctores
1678 3827 1755 3898 ejus·

113 3914 193 3973 linita
214 3918 401 3985 mentiuntur,
418 3917 503 3973 multa
522 3916 628 3988 linqunt
649 3918 786 3985 homines,
799 3924 911 3988 propter
962 3920 1024 3975 dem
1050 3918 1213 3975 hntichristi
1240 3933 1305 3973 cum
1328 3917 1460 3987 subjectis
1485 3918 1621 3988 plebibus.
1646 3917 1685 3974 De
1706 3934 1757 3975 oro

112 4007 256 4065 hominurn
282 4010 412 4065 laudem:
432 4011 526 4082 sicque
541 4010 571 4065 iit
586 4020 616 4065 ut
636 4022 662 4065 et
683 4009 727 4067 isti
754 4010 911 4066 mentiendo
962 4010 1087 4066 omnium
1099 4008 1197 4063 horum
1210 4008 1387 4080 egrediuntur
1401 4014 1457 4063 tres
1472 4008 1597 4077 spiritus,
1613 4008 1661 4079 qni
1685 4009 1756 4065 nihil

112 4113 233 4168 percant,
246 4110 275 4157 et
288 4116 337 4159 eos
351 4117 421 4173 quos
435 4102 546 4159 laudant
561 4102 595 4157 ad
606 4116 682 4157 ranae
695 4102 788 4174 gloriae
801 4101 910 4158 ruinam
962 4108 1027 4158 sunt
1039 4099 1113 4155 aliud
1128 4098 1182 4155 uisi
1195 4114 1269 4154 unus
1286 4098 1409 4169 spiritus.
1430 4094 1517 4153 Tanta
1535 4098 1637 4168 quippo
1649 4099 1756 4156 malitia

111 4192 277 4261 perducant.
302 4194 381 4249 Sicut
406 4194 475 4250 bcue
501 4194 553 4251 sliri
578 4193 706 4251 conscius
732 4210 787 4249 non
815 4194 913 4250 metuit
962 4203 1004 4249 est
1023 4193 1115 4249 unitas
1139 4192 1167 4246 in
1188 4190 1317 4246 omnibus
1337 4189 1520 4254 damonibus,
1538 4197 1655 4256 uncum
1675 4190 1756 4247 multi

110 4284 206 4339 alienae
230 4286 337 4355 lingua
358 4284 524 4352 conticium,
546 4284 583 4340 ita
608 4294 634 4340 et
657 4301 704 4356 qur
728 4284 856 4339 laudatur
878 4283 912 4339 ab
964 4284 1020 4340 sint
1034 4291 1167 4354 potestate
1178 4291 1204 4338 ει
1215 4281 1329 4348 malitia,
1353 4281 1481 4336 inunum
1493 4282 1757 4354 tamcnredigantur

111 4376 174 4444 alio,
189 4392 248 4432 non
264 4376 349 4432 dehet
372 4392 495 4433 errorem
520 4378 618 4433 alienae
645 4376 736 4433 laudis
762 4376 912 4445 attendere,
964 4374 1295 4440 cousensu,licetdiuerso
1306 4372 1498 4439 moderantem
1507 4380 1642 4442 potestate
1652 4372 1757 4429 scilicet

109 4466 155 4527 ted
184 4467 280 4539 magis
307 4468 498 4539 unusquisque
524 4468 711 4523 testimonium
735 4466 912 4523 conscientie
963 4476 990 4522 ct
1006 4466 1112 4521 malitia
1136 4466 1263 4521 homines
1280 4465 1451 4539 impugnent.
1467 4463 1545 4521 Unde
1561 4480 1634 4522 unrrs
1654 4465 1757 4523 dicitur

109 4572 165 4615 suae
181 4569 297 4631 quaerat
313 4578 319 4613 :
335 4558 379 4614 cui
400 4559 459 4629 ipse
473 4560 534 4629 plus
559 4572 681 4630 praesens
695 4558 788 4628 quiam
806 4556 850 4613 ilie
865 4558 913 4629 qui
928 4567 951 4622 lt
965 4560 1078 4630 spiritus
1107 4558 1236 4625 mendax,
1254 4558 1326 4615 alius
1348 4558 1461 4629 spiritus
1477 4555 1677 4628 fornicationis,
1699 4568 1756 4615 ter·

108 4649 212 4705 laudat.
233 4670 244 4703 a
260 4648 341 4719 Opus
356 4648 429 4705 enim
441 4665 521 4705 suum
537 4650 728 4721 unusquisque
741 4648 864 4718 probent
884 4656 914 4704 ut
965 4652 1020 4706 tins
1035 4650 1149 4721 spiritus
1173 4649 1343 4707 immundus.
1365 4649 1439 4705 liene
1460 4658 1550 4707 autem
1567 4650 1681 4720 spiritus
1701 4649 1757 4708 im-

108 4741 146 4795 ait
157 4742 319 4813 Apostolus
334 4741 407 4815 (Gai.
422 4744 473 4815 vr),
490 4750 539 4797 tet
565 4740 777 4813 tuncinscipso
797 4742 914 4811 quisque
963 4745 1084 4799 mundus
1112 4743 1214 4799 dicitur
1248 4750 1360 4814 propter
1386 4751 1498 4812 peccata
1525 4742 1618 4814 grauia
1651 4742 1758 4813 quibus

107 4834 225 4903 gloriam
243 4836 387 4901 habehim»
412 4834 519 4890 occulte
542 4834 570 4888 in
595 4848 644 4890 sua
660 4833 837 4899 conscientia,
857 4847 912 4887 uon
964 4832 1119 4887 sordidatus
1133 4839 1185 4899 est,
1199 4840 1227 4887 et
1234 4832 1304 4887 alios
1318 4830 1499 4901 coinquinare
1512 4845 1567 4886 non
1584 4840 1684 4888 cesam.
1701 4830 1757 4903 lpsi

105 4924 199 4995 palam
213 4925 244 4979 in
258 4926 351 4981 aliena
362 4926 464 4997 lingua.
477 4923 607 4987 Perfecti,
620 4924 666 4993 qui
682 4924 736 4979 alta
748 4925 840 4979 radice
852 4923 914 4979 lun·
964 4938 1073 4994 quoquo
1088 4922 1222 4978 immundi
1235 4922 1358 4992 spiritus,
1371 4922 1466 4989 draco,
1494 4922 1581 4978 bestia
1592 4932 1621 4979 et
1638 4926 1758 4994 pseudo-

105 5016 161 5071 dati
173 5028 256 5085 sunt,
270 5026 302 5071 et
319 5018 342 5072 si
358 5016 467 5073 ilduino
486 5016 575 5072 laudis
596 5030 629 5073 uc
639 5016 858 5087 vituperationis,
869 5026 914 5071 ul·
964 5015 1095 5085 propheta
1108 5014 1247 5078 dicuntur,
1273 5013 1338 5084 quia
1368 5012 1495 5070 diabolus
1510 5023 1538 5069 et
1557 5030 1655 5071 omncs
1669 5016 1758 5086 iniqui

105 5124 220 5181 cunque
253 5109 339 5180 quasi
366 5117 510 5165 tertiorum
531 5108 668 5165 interdum
691 5116 841 5163 curventur
861 5108 914 5161 im·
965 5122 1050 5162 unum
1062 5115 1143 5176 caput
1156 5112 1184 5159 et
1200 5103 1322 5159 membra
1331 5112 1405 5159 sunt.
1419 5102 1459 5158 lie
1473 5119 1592 5175 quorum
1617 5118 1666 5161 ore
1683 5120 1759 5160 ranae

103 5203 199 5274 pulsu,
225 5201 359 5258 funditus
380 5210 469 5257 tamen
487 5216 543 5256 non
564 5200 742 5271 dejiciuntur,
760 5198 808 5255 sed
827 5198 914 5269 proti·
965 5198 1094 5253 dicuntur
1109 5195 1210 5261 exisse,
1223 5193 1288 5266 quin
1302 5196 1373 5251 sicot
1386 5194 1544 5267 hujusmodi
1556 5196 1687 5252 animalia
1698 5210 1759 5251 ιιιο-

104 5310 158 5350 nus
174 5293 322 5349 firmitate
335 5295 436 5350 radicis
452 5294 485 5347 ad
500 5307 531 5349 se
545 5292 671 5349 redeunt.
694 5290 769 5347 Bona
788 5306 865 5346 mens
881 5290 914 5346 ad
966 5288 1072 5343 lostiam
1089 5285 1210 5341 inierrmt
1222 5286 1389 5354 hominibus,
1400 5285 1526 5344 iaciendo
1533 5289 1676 5359 strepitum
1688 5297 1716 5345 ει
1729 5288 1758 5344 in

102 5385 212 5441 malurn
235 5400 296 5441 nec
322 5386 441 5456 praemiis
455 5398 505 5439 nec
523 5384 675 5439 terroribus
694 5382 826 5449 vincitur;
851 5396 914 5436 narn
966 5394 1047 5436 coeuo
1072 5378 1215 5446 versando,
1241 5379 1278 5433 ita
1301 5380 1421 5435 ministri
1443 5379 1605 5435 Anticlrristi
1629 5379 1657 5434 ia
1678 5392 1760 5436 eoeuo

102 5476 194 5547 iniqui
221 5485 364 5533 terrorem
384 5478 523 5535 blanditiis
555 5478 686 5543 miscent,
719 5481 749 5528 ut
767 5482 814 5529 aut
840 5473 915 5528 oble·
966 5481 1141 5543 peccatorum
1155 5479 1309 5539 uersantes,
1333 5469 1495 5526 electosDel
1509 5485 1562 5526 sua
1584 5469 1758 5541 garrulitate,

100 5568 232 5624 ctntione
250 5580 426 5641 quemquam
439 5566 587 5639 decipiam,
604 5573 652 5621 aut
668 5562 822 5621 terroribus
843 5558 919 5618 lran?
966 5563 1052 5619 idest
1075 5561 1171 5617 haeresi
1195 5572 1222 5615 ct
1243 5560 1422 5631 blasphemia,
1436 5567 1638 5630 persequuntur
1661 5568 1760 5617 contra

100 5670 179 5730 gant.
966 5652 1117 5713 Christum,
1133 5658 1159 5705 ct
1173 5651 1335 5721 inquietant.
1356 5648 1409 5720 ipsi
1424 5663 1533 5720 quoquc
1543 5648 1695 5718 demones,
1708 5665 1760 5722 per

376 5750 414 5808 ile
425 5753 502 5824 [aisis
516 5750 658 5822 prophetia.
967 5758 1016 5801 eos
1031 5758 1101 5814 quos
1112 5741 1314 5808 inhabitabunt,
1326 5739 1427 5795 taciem
1449 5738 1538 5807 sigua,
1556 5748 1604 5796 aut
1622 5752 1688 5795 tera
1709 5739 1759 5797 ltei

137 5845 234 5903 Orare
262 5842 338 5900 nihii
360 5843 432 5900 aliud
456 5853 498 5903 est
509 5858 592 5915 quarn
615 5856 708 5899 rerum
728 5850 824 5916 putare
842 5840 914 5913 quod
967 5836 1114 5911 pcrmissu,
1140 5842 1188 5890 aut
1219 5831 1287 5893 laisa
1312 5831 1414 5905 quihus
1438 5828 1548 5889 reurobi
1563 5830 1757 5896 decipiantur:
