4017 6342
145 334 195 391 '153
611 340 899 401 burtonnvtunu's
915 344 966 403 SS.
986 347 1141 407 retudit.
1163 382 1196 392 -
1213 351 1278 407 LlB.
1298 354 1318 410 1.
1728 368 1782 427 '354

146 444 196 501 fiel
218 456 313 504 autem
330 450 457 511 silvestre
480 454 591 509 herbam
612 464 719 513 constat
733 472 805 526 csse,
824 458 897 515 sicut
910 468 937 515 et
951 466 975 523 Α
988 460 1065 531 prius
1076 464 1154 532 quasi
1168 465 1333 536 quibusdam
1345 482 1491 540 corporum
1509 473 1624 531 saltibus
1634 475 1777 533 efferebam

146 537 278 606 locustas,
294 548 324 595 et
344 544 487 599 amborum
500 545 577 614 copia
597 545 626 599 iu
639 560 731 603 eremo
753 555 803 603 est.
828 546 891 604 llaec
903 548 938 605 de
989 560 1052 620 tur,
1068 556 1208 612 voluntate
1218 557 1291 629 vagi,
1318 562 1448 630 operibus
1463 564 1585 634 inutiles,
1599 567 1692 623 verbis
1715 583 1783 639 que-

147 628 250 683 locusta
277 640 306 687 et
323 634 406 688 melle
429 634 556 691 silvestri.
571 634 639 695 vitis
661 646 689 693 et
715 653 812 709 aspera
828 654 938 711 quoque
988 644 1054 711 ruli,
1069 646 1133 701 sede
1143 649 1288 719 peregrini.
1303 649 1382 707 Nunc
1401 664 1491 711 autem
1511 671 1608 712 sumus
1620 666 1781 714 sauctorum

145 720 228 775 vestis
237 720 273 776 de
294 722 360 793 pilis
373 725 553 794 camelorum,
564 729 646 785 veldc
658 729 825 799 quibuslibet
833 732 938 788 exuviis
989 734 1119 792 alimonia
1133 749 1161 793 et
1174 739 1287 796 satietas
1301 744 1508 814 prophetarum,
1523 747 1602 803 electi
1617 749 1699 804 simul
1717 765 1782 805 cum

144 812 319 879 animalium,
332 832 380 871 cor
393 820 538 874 contritum
553 828 581 875 et
595 820 767 877 humiliatum
782 823 938 893 poenitentis
990 826 1071 883 melle
1085 828 1214 896 silvestri,
1229 831 1295 901 quia
1308 832 1498 892 dulcissimum
1522 838 1614 894 cibum
1634 839 1778 911 praebituri

144 900 280 1004 designat.
289 904 374 962 zonae
386 916 477 963 autem
491 909 648 979 praeciuctio
660 918 802 979 monst,ut
812 912 846 967 ad
855 927 937 969 omne
991 932 1099 986 sumus,
1117 935 1172 975 non
1189 935 1224 975 ex
1241 922 1367 982 alveariis
1381 925 1458 997 legis,
1482 928 1578 985 sodex
1600 931 1682 989 nobis
1698 929 1782 989 veluti

143 1000 332 1049 ministerium
347 997 498 1053 voluntatis
510 998 612 1053 Christi
629 999 716 1057 simus
732 1001 857 1057 accincti.
882 1000 938 1058 Lo·
991 1022 1027 1065 ex
1040 1010 1146 1069 truncis
1158 1011 1325 1069 silvestrium
1334 1014 1464 1071 arborum
1479 1019 1647 1089 gentilitatis.

142 1090 228 1139 custae
261 1083 391 1157 fugaces,
419 1088 447 1145 in
465 1104 543 1146 esum
570 1090 672 1162 eleetae,
698 1091 877 1163 figurautnos
893 1096 941 1165 qui

511 1497 710 1595 SERMO
746 1499 821 1591 DE
856 1498 1139 1597 nuvnuvtt
1176 1502 1423 1600 DOMINI.

183 1733 194 1767 ι
208 1712 290 1771 Beati
304 1721 371 1770 suut
382 1712 453 1770 servi
465 1710 504 1768 illi
517 1728 588 1785 quos
605 1714 791 1783 cumvenerit,
805 1713 939 1771 Dominus
955 1715 1105 1785 Dsingulis
1121 1715 1222 1788 vigiliis
1239 1728 1417 1787 annotantur,
1438 1720 1504 1790 quia
1518 1729 1573 1779 tres
1593 1736 1704 1780 meuses
1721 1728 1784 1781 uni·
1817 1716 1821 1726 ’

150 1806 287 1861 invenerit
303 1805 448 1877 vigilantes
462 1802 539 1876 (Luc.
560 1803 623 1875 xxv).
645 1822 655 1856 ι
686 1804 789 1873 siquis
808 1817 942 1875 vestrum,
995 1806 1096 1877 cuique
1120 1809 1236 1878 tempori
1250 1812 1435 1880 assignantur.
1455 1809 1577 1876 Quatuor
1589 1813 1670 1869 etiam
1682 1815 1781 1887 vigiliae

153 1897 323 1961 charissimi,
338 1895 480 1952 dominum
499 1910 579 1951 suum
594 1895 629 1951 ad
653 1910 682 1952 se
705 1905 787 1953 noctu
797 1906 944 1953 venturum
995 1908 1115 1970 quatuor
1128 1908 1222 1957 aetates
1242 1902 1439 1973 intelliguntur,
1462 1903 1491 1957 iu
1514 1905 1615 1974 quibus
1628 1906 1698 1963 bene
1715 1908 1784 1980 vigi-

154 1996 286 2063 speraret,
305 1996 362 2044 tota
377 1987 516 2055 vigilantia
531 1986 678 2042 adventum
692 1986 753 2057 ejus
764 1997 944 2057 exspectaret,
995 1991 1093 2060 mutes,
1117 1992 1222 2048 coelesti
1234 1994 1347 2063 praemio
1358 1995 1615 2051 remunerabuntur.

155 2081 366 2149 venientemque
391 2091 564 2149 summopere
581 2077 707 2147 excipere
720 2075 874 2147 festinaret,
889 2094 946 2150 quo
995 2086 1015 2149 t
1031 2082 1070 2139 De
1083 2083 1127 2140 bis
1137 2084 1238 2155 vigiliis
1249 2084 1478 2141 dicitDumious:
1494 2103 1504 2136 ι
1521 2084 1550 2140 si
1564 2086 1593 2140 in
1604 2085 1723 2143 secunda
1736 2087 1784 2142 vi-

157 2190 186 2228 so
200 2170 309 2243 magnis
325 2170 421 2242 gratiae
440 2169 528 2240 ipsius
550 2170 764 2225 commendaret.
778 2169 848 2226 Ecce
865 2186 946 2226 verus
995 2175 1072 2247 giiia,
1087 2182 1115 2230 et
1125 2175 1149 2231 si
1159 2176 1188 2230 in
1203 2175 1283 2231 tertia
1294 2176 1386 2248 vigilia
1397 2176 1513 2241 venerit,
1540 2177 1612 2232 beati
1626 2186 1690 2233 sunt
1713 2191 1785 2248 quos

157 2264 290 2319 Dominus
304 2270 399 2318 noster
426 2262 459 2317 ad
474 2276 525 2317 nos
539 2260 665 2333 indiguos
687 2262 810 2318 servulos
833 2276 899 2318 suos
917 2276 946 2317 se
996 2266 1141 2337 vigilantes
1152 2266 1296 2322 invenerit.
1316 2285 1326 2319 r
1343 2266 1436 2323 Prima
1449 2268 1540 2341 vigilia
1550 2277 1593 2323 est
1602 2268 1729 2339 pueritia.
1753 2268 1784 2324 la

159 2364 288 2410 venturos
315 2353 474 2420 denuntiat;
512 2367 592 2408 suum
624 2352 771 2409 adventum
803 2354 947 2425 pervigiles
997 2354 1052 2409 hac
1065 2356 1134 2409 bene
1148 2354 1263 2426 vigilant
1275 2355 1323 2427 qui
1350 2355 1535 2412 innocentiam
1549 2364 1723 2412 conservant.
1751 2356 1785 2411 lli

159 2448 347 2521 prestolantes
364 2444 416 2502 sibi
438 2444 554 2500 venienti
574 2451 749 2500 occursantes
769 2436 863 2500 bea'tos
884 2460 948 2515 pro-
997 2444 1115 2501 Domiuo
1132 2446 1253 2516 pulsanti
1276 2445 1420 2503 confestim
1436 2447 1573 2518 aperiunt,
1588 2448 1653 2502 dum
1668 2457 1786 2504 mortem

160 2538 278 2593 nuntiat.
293 2535 398 2593 idcirco
412 2551 473 2591 cum
488 2534 644 2591 nesciamus
666 2534 738 2591 diem
749 2550 836 2605 neque
851 2524 947 2591 boram
998 2533 1089 2590 securi
1099 2534 1264 2605 suscipiunt,
1279 2536 1343 2605 quia
1356 2551 1421 2591 mox
1436 2551 1543 2593 secum
1557 2537 1668 2594 cbristo
1687 2553 1785 2609 regua·

161 2629 270 2705 quando
286 2628 388 2697 veniat,
430 2636 535 2698 oportet
559 2635 590 2682 ut
615 2628 804 2699 unusquisque
823 2636 947 2683 nostrum
998 2634 1077 2681 turos
1092 2626 1192 2682 sciunt.
1221 2625 1347 2683 Secunda
1361 2628 1454 2699 vigilia
1474 2636 1519 2685 est
1538 2628 1731 2685 adolescentia.
1755 2629 1786 2685 lu

163 2725 190 2780 in
206 2724 279 2779 bona
299 2724 405 2779 actione
430 2721 544 2793 vigilare
559 2722 686 2789 studeat,
702 2736 738 2777 ne
753 2736 817 2777 seru
830 2722 873 2779 vel
889 2736 949 2777 me·
999 2716 1052 2772 hac
1064 2716 1207 2789 pervigiles
1219 2718 1356 2775 excubant
1367 2718 1414 2790 qui
1430 2734 1461 2775 se
1476 2716 1568 2775 camis
1581 2719 1717 2775 illecebris
1731 2736 1788 2776 non

164 2817 311 2881 dianucte,
349 2821 397 2871 aut
427 2814 593 2885 gallicantu
617 2828 665 2869 seu
691 2828 787 2869 mane,
803 2813 949 2871 adveniens
999 2809 1188 2879 coinquinant.
1203 2807 1238 2863 lli
1248 2810 1480 2881 quoqueDomino
1491 2810 1611 2865 venienti
1622 2810 1676 2867 laeti
1686 2810 1789 2867 ostium

165 2907 261 2981 (flore.
279 2909 341 2978 xvu)
356 2922 407 2962 nos
424 2906 574 2978 imparatos
586 2906 716 2963 iuveniat.
736 2905 804 2961 Sero
817 2905 950 2962 Dominus
1000 2910 1133 2968 reserant,
1150 2900 1215 2971 quia
1236 2916 1285 2971 per
1313 2910 1429 2957 mortem
1441 2917 1471 2958 se
1491 2900 1590 2973 gaudia
1610 2912 1789 2973 pereepturos

163 3002 245 3067 veuit,
263 3014 326 3054 cum
346 2996 464 3067 aliquem
485 2997 513 3052 in
535 3005 674 3054 senectute
694 2998 728 3053 de
741 2997 794 3052 bae
807 2997 862 3052 vita
875 2996 949 3051 exire
962 3046 983 3106 C
1001 3002 1123 3066 sperant.
1138 2993 1230 3049 Tertia
1254 2993 1346 3063 vigilia
1360 2994 1551 3064 estjuveutus.
1575 2991 1605 3048 lu
1619 2993 1676 3048 bac
1698 2992 1790 3063 pervi-

164 3091 296 3163 praecipit.
313 3090 398 3147 bledla
410 3099 500 3145 autem
513 3098 592 3145 nocte
605 3089 723 3156 advenit,
746 3104 808 3145 curn
830 3088 948 3159 aliquem
1001 3087 1069 3159 giles
1078 3084 1224 3139 Dominum
1235 3085 1438 3156 praestolantur,
1453 3086 1501 3157 qui
1523 3085 1620 3143 mundi
1644 3086 1788 3143 desideriis

166 3186 192 3239 in
205 3184 347 3257 iuventute
363 3182 504 3253 inopinata
515 3191 602 3238 morte
625 3181 771 3237 vocaverit.
788 3180 858 3235 Galli
870 3188 952 3235 cantu
1002 3194 1058 3234 nou
1073 3187 1250 3248 superantur,
1266 3175 1372 3232 scilicet
1394 3176 1495 3233 divinis
1523 3177 1667 3249 praeceptis
1686 3177 1792 3233 exerci-

167 3277 304 3341 adventat,
321 3289 383 3329 cum
398 3273 548 3345 quemlibet
563 3272 591 3327 in
609 3270 790 3327 adolescentia
812 3271 888 3326 abire
900 3271 953 3325 im·
1003 3277 1106 3326 tantur.
1128 3268 1162 3323 lli
1175 3268 1258 3324 etiam
1283 3268 1388 3325 alacres
1410 3266 1527 3324 Domino
1541 3275 1702 3335 occurrunt,
1726 3265 1793 3337 quia

166 3380 252 3441 perat.
266 3366 346 3421 blanc
361 3364 528 3437 supervenit,
545 3378 608 3420 eum
623 3362 778 3434 quempiam
793 3362 820 3416 iu
836 3361 952 3434 pucritia
1002 3376 1066 3417 mox
1084 3360 1112 3415 in
1136 3360 1236 3432 gaudio
1251 3368 1357 3415 metunt
1380 3375 1442 3431 quae
1466 3359 1494 3414 in
1518 3360 1649 3432 lacrymis
1671 3360 1792 3414 semina·

167 3460 344 3516 subtraxerit.
361 3456 437 3513 Deati
461 3473 526 3529 ergo
542 3465 607 3512 suut
620 3471 690 3527 quus
705 3455 732 3509 in
750 3454 802 3510 lide
815 3463 843 3510 ct
854 3469 953 3524 opera·
1002 3463 1111 3511 verunt.
1123 3453 1226 3521 Quarta
1236 3453 1327 3525 vigilia
1342 3462 1384 3509 est
1398 3462 1533 3510 senectus.
1549 3451 1579 3507 lu
1590 3452 1643 3508 bac
1656 3451 1795 3522 vigilando

168 3553 239 3607 tiorrc
260 3550 395 3606 invenerit
418 3550 572 3621 vigilantes
597 3550 662 3619 quia
688 3556 769 3603 erunt
783 3563 846 3603 curn
871 3563 904 3603 eo
926 3547 953 3601 in
1004 3549 1151 3605 Dominum
1172 3555 1331 3619 exspectant
1344 3548 1392 3617 qui
1409 3547 1437 3601 in
1454 3548 1526 3603 bona
1540 3546 1648 3602 actione
1665 3544 1796 3615 usquein

169 3642 405 3700 aternocouvii‘io
420 3640 572 3712 epulantes.
601 3639 721 3695 Nimium
744 3654 808 3694 vero
831 3638 953 3694 infelices
1007 3640 1088 3698 darem
1106 3650 1292 3711 perseveant.
1317 3636 1352 3691 lli
1376 3636 1425 3691 diu
1445 3635 1630 3692 desideratum
1646 3634 1795 3690 Dominum

169 3744 232 3793 suot
247 3752 317 3807 quos
332 3750 429 3792 somno
440 3732 550 3791 desidiae
564 3732 670 3789 deditos
686 3732 813 3788 inveniet.
837 3731 906 3798 Quia
920 3732 955 3788 ab
1005 3740 1119 3789 ovantes
1132 3730 1299 3801 suscipiunt,
1314 3729 1474 3799 quiastatim
1487 3729 1567 3784 abeo
1578 3728 1721 3783 denarium
1734 3726 1797 3781 vice

169 3828 260 3884 electis
273 3827 331 3883 suis
344 3826 432 3881 editos
454 3824 565 3891 diviDet,
588 3832 615 3879 et
645 3830 750 3893 partem
764 3824 875 3878 illorum
892 3837 956 3877 cum
1006 3839 1057 3895 pro
1071 3824 1164 3879 labore
1173 3821 1335 3894 percipiunt.
1348 3820 1395 3876 Sic
1405 3819 1477 3877 enim
1504 3818 1667 3875 celebraturi
1686 3832 1794 3873 sumus.

170 3921 329 3995 hypocritis,
343 3920 424 3975 idest
438 3933 501 3975 cum
519 3916 689 3973 daemonibus
698 3924 789 3985 ponet.
816 3914 848 3969 Et
860 3924 958 3970 notan-
1007 3915 1132 3971 Coelestis
1144 3930 1191 3969 rex
1203 3912 1277 3967 venit
1292 3911 1320 3966 in
1335 3910 1526 3981 hujusmundi
1545 3908 1720 3990 Babyloniam
1746 3922 1793 3961 ac-

170 4016 233 4070 duru
250 4012 323 4085 quod
336 4012 469 4067 Dominus
484 4026 538 4066 non
551 4010 578 4066 in
594 4009 646 4077 die,
662 4009 709 4065 sed
724 4009 752 4063 in
766 4018 845 4064 nocte
858 4016 957 4063 ventu·
1007 4007 1098 4077 cipere
1119 4004 1171 4060 sibi
1197 4002 1340 4073 conjugem
1353 4000 1514 4065 Ecclesiam,
1535 4015 1619 4069 quam
1641 3997 1729 4054 serris
1752 4012 1799 4053 cu·

172 4121 219 4161 rus
247 4103 348 4160 dicitur
363 4101 472 4173 (flottlr.
486 4100 572 4170 xxiv),
595 4100 659 4171 quia
689 4100 801 4170 quando
825 4098 920 4154 veniat
942 4112 958 4151 a
1008 4096 1178 4157 studiendam
1204 4093 1338 4150 tradidit:
1362 4093 1422 4162 ipse
1437 4090 1594 4147 convivium
1612 4089 1798 4144 instructurus

173 4195 246 4250 nullo
269 4194 421 4266 praescitur.
448 4192 477 4247 Si
500 4192 574 4248 enim
599 4190 796 4263 paterfamilias
820 4189 959 4261 praesciret
1009 4191 1038 4248 in
1047 4190 1146 4247 coelum
1157 4188 1232 4243 abiit.
1244 4185 1335 4243 Servis
1345 4184 1481 4256 praecepit.
1493 4180 1665 4255 Vigilitzrteut
1675 4194 1799 4251 quacun-

173 4304 224 4361 qua
237 4288 305 4343 bora
318 4284 363 4341 fur
378 4286 529 4352 adveniret,
544 4284 639 4353 utique
653 4282 786 4352 vigilaret,
802 4290 830 4338 et
846 4282 958 4337 domum
1009 4299 1065 4357 que
1087 4284 1156 4337 bora
1179 4280 1329 4347 advenerit,
1357 4277 1444 4349 parati
1478 4276 1533 4331 sint
1566 4290 1629 4330 cum
1662 4270 1797 4342 lampadi-

175 4398 250 4439 suam
266 4380 383 4453 perfodi,
399 4394 431 4434 ac
445 4394 489 4435 res
504 4393 569 4434 suas
580 4376 637 4433 tolli
650 4377 763 4431 minime
777 4376 890 4431 sineret.
902 4372 959 4429 Do·
972 4393 999 4455 D
1010 4373 1063 4429 bus
1076 4370 1186 4428 obviare
1197 4368 1306 4443 (Dottlr.
1321 4365 1397 4437 xxv).
1424 4364 1554 4421 Promisit
1573 4370 1665 4419 autem
1691 4376 1721 4417 se
1736 4375 1798 4415 eum

88 4456 97 4471 ’
174 4489 234 4529 mtvs
245 4481 286 4528 est
300 4478 426 4528 nostrum
440 4484 551 4541 corpus,
567 4468 762 4540 paterfamilias
779 4476 822 4525 est
835 4467 956 4536 animus,
1012 4480 1112 4537 magno
1125 4469 1258 4533 apparatu
1273 4460 1466 4525 adventurum,
1487 4466 1515 4513 et
1527 4469 1657 4528 sponsam
1678 4466 1756 4509 suam
1772 4450 1800 4503 iu

175 4566 271 4622 iurcst
292 4580 378 4621 mors.
399 4562 462 4619 llaec
482 4564 509 4619 in
527 4564 702 4630 noctcvenit,
725 4562 791 4617 dum
820 4561 960 4617 homiuem
1012 4544 1705 4631 praeparatamcivitateminducturum.Onimium
1717 4540 1801 4607 beari,

175 4657 311 4729 inopinate
319 4655 577 4727 premit,dominum
591 4654 961 4722 iuvenitdormicutem,ilum

176 4751 295 4805 animum
313 4748 416 4819 repetit
429 4748 548 4803 inbonis
566 4755 726 4816 torpentem.
743 4744 859 4801 Domum
872 4745 963 4817 perfo-

176 4842 224 4911 dit,
247 4842 312 4915 quia
334 4858 398 4897 mov
414 4856 515 4913 corpus
536 4840 646 4897 occidit.
675 4839 773 4896 Occiso
798 4849 889 4896 autern
910 4838 963 4895 dou

177 4936 250 4993 ovino
263 4936 338 4991 bom
352 4934 412 5005 ejus
427 4934 509 4999 tollit,
521 4932 586 5003 quia
602 4932 730 4987 miseram
747 4931 867 4987 animam
881 4948 897 4986 a
911 4931 962 4986 bo·

177 5028 219 5087 nis
231 5037 341 5085 aetenrae
354 5025 416 5083 vitae
426 5026 517 5082 evellit
526 5035 554 5082 ct
572 5024 606 5081 ad
622 5031 723 5080 tartara
740 5023 888 5080 crucianda
901 5039 964 5095 per·

179 5122 269 5177 trabit.
295 5118 355 5174 Nox
381 5118 524 5175 duodecim
547 5116 631 5173 boras
654 5114 756 5171 babere
780 5114 965 5187 cognoscitur,

177 5230 236 5285 quar
253 5214 280 5269 in
297 5220 418 5285 quatuor
427 5212 533 5283 vigilias
553 5209 685 5266 dividitur
700 5218 727 5266 et
742 5224 912 5280 unaquaque
927 5206 967 5262 vi·

179 5307 240 5377 gilia
253 5305 343 5361 tribus
364 5304 441 5360 boris
455 5303 612 5359 ascribitur.
640 5300 766 5357 ilumana
791 5301 890 5373 quippe
911 5298 968 5353 vita

180 5398 251 5455 nocti
264 5405 453 5467 comparatur,
464 5396 529 5467 quia
544 5394 664 5451 tenebris
684 5392 846 5465 ignorantiae
868 5390 969 5447 obscu-

179 5499 263 5546 ratur.
280 5489 347 5546 iiaec
360 5489 387 5545 in
407 5488 551 5546 duodecim
572 5488 655 5543 boras
668 5484 881 5552 dimensuratur,
905 5482 969 5555 quia

178 5598 300 5654 praesens
314 5583 370 5638 vita
388 5580 531 5639 duodecim
547 5580 688 5637 mcvrsibus
700 5579 920 5635 circumrotatur.
939 5574 969 5629 ln

178 5684 299 5747 quatuor
307 5673 415 5745 vigilias
425 5674 614 5746 partiturquia
622 5680 835 5743 annusquatuor
843 5668 970 5739 tempori·

179 5766 435 5839 bus,vere,aestatc,
444 5775 586 5837 autumno,
596 5764 686 5825 bieme
694 5762 814 5823 metitur.
822 5760 888 5821 Tres
897 5760 970 5820 borae

1014 4652 1062 4722 qui
1084 4650 1110 4705 ei
1124 4660 1269 4704 occurrere
1285 4652 1351 4699 tune
1363 4639 1533 4711 suutparati.
1545 4636 1614 4692 Nam
1629 4635 1657 4690 in
1672 4632 1802 4705 gaudium

1014 4739 1124 4798 Domini
1137 4738 1181 4794 sui
1192 4752 1255 4793 curu
1269 4750 1302 4790 eo
1314 4733 1349 4789 ad
1370 4732 1481 4803 nuptias
1493 4729 1648 4791 intrabunt,
1674 4733 1702 4779 et
1720 4737 1804 4791 super

1015 4832 1109 4894 omnia
1129 4832 1201 4887 buna
1219 4827 1306 4899 ipsius
1323 4823 1488 4889 constituti,
1509 4821 1537 4875 in
1557 4829 1690 4875 aeternum
1712 4814 1804 4870 exsul-

1015 4928 1121 4982 tabunt.
1133 4922 1207 4979 lieu!
1220 4934 1302 4989 quaro
1315 4915 1432 4971 nimium
1444 4911 1550 4977 miseri,
1561 4909 1610 4981 qui
1625 4916 1690 4963 tuuc
1704 4907 1733 4962 in
1742 4920 1806 4976 pec·

1015 5020 1085 5078 catis
1096 5016 1177 5089 sopiti
1196 5011 1384 5077 inveniuntur,
1408 5006 1474 5078 quia
1488 5004 1581 5061 clausa
1592 5003 1650 5073 jam
1665 5000 1750 5071 lanua
1772 4996 1807 5052 ab

1016 5110 1126 5169 aeterms
1158 5106 1247 5178 epulis
1271 5101 1464 5159 excluduntur.
1503 5094 1606 5168 igitur,
1634 5088 1804 5153 charissimi,

1017 5221 1080 5263 cum
1099 5204 1195 5258 boram
1207 5196 1313 5255 Christi
1332 5195 1484 5259 adventus,
1499 5189 1604 5245 seilicet
1616 5185 1689 5242 diem
1705 5179 1803 5237 mortis

1017 5304 1119 5352 nustrae
1128 5294 1297 5365 ignoremus,
1310 5302 1417 5351 omncs,
1428 5281 1510 5340 simul
1518 5281 1634 5351 juvenes
1641 5272 1808 5342 etvirgines,

1018 5400 1171 5444 senescum
1183 5380 1353 5454 junioribus,
1369 5377 1397 5433 in
1413 5376 1494 5431 bonis
1516 5369 1645 5442 operibus
1658 5363 1806 5434 vigilemus

1019 5479 1116 5535 faciem
1128 5475 1237 5531 Domini
1259 5473 1287 5529 iu
1303 5468 1480 5528 confessione
1506 5457 1716 5535 praeveniamus,
1733 5461 1764 5508 ut
1780 5452 1809 5507 in

1020 5570 1167 5627 Nativitate
1193 5566 1253 5637 eius
1279 5568 1481 5620 sacramentum
1505 5549 1629 5621 corporis
1653 5546 1715 5615 ejus
1729 5544 1811 5614 digne

1021 5662 1216 5735 percipiamus,
1227 5665 1375 5728 quatenus,
1397 5643 1593 5707 cumsccundo
1607 5636 1721 5703 venerit,
1745 5650 1809 5691 cum

1023 5758 1083 5828 ipso
1098 5755 1124 5811 iu
1138 5750 1223 5826 gloria
1238 5758 1427 5821 appareamus.
