4017 6342
246 370 301 429 255

811 360 970 419 tutentur
991 360 1139 420 eruatis
1158 361 1421 422 vindocinensis

352 484 496 559 ltelrrgium
508 481 669 555 peccatoris,

356 573 447 633 llundl
459 572 542 639 salus,
556 585 628 625 mors
639 576 751 639 peccati.

351 661 455 719 Summi
467 660 538 715 lacta
552 671 649 730 parens
663 656 728 711 nati.

385 749 449 819 Quae
464 746 644 803 [illumirabes
655 761 756 819 regem,

348 838 401 909 Ωιι
414 838 532 896 diuinam
548 836 621 893 dedit
636 836 742 911 legemg
855 836 865 873 ;
888 826 900 840 ·
924 812 935 825 ·

348 930 390 988 Τι
407 939 504 996 mater,
525 938 552 986 ιι
568 944 667 1000 spnrrsa
678 928 744 997 Dei,

353 1022 407 1082 liei
420 1022 551 1081 miserere
564 1023 615 1079 rei.

383 1114 763 1187 Meottrallelaerprnarum.

348 1208 464 1267 Pressas
485 1206 555 1265 mele
569 1214 755 1279 peecatorum,
872 1196 878 1207 “

352 1301 393 1358 td
407 1300 544 1367 reclamo,
559 1298 639 1371 Virgo
649 1299 711 1369 pia.

350 1391 395 1451 Sis
414 1392 479 1449 milri
493 1392 563 1458 dur,
574 1401 656 1464 atque
666 1392 720 1447 uia.

386 1484 472 1555 Quem
485 1491 513 1539 tu
530 1482 672 1539 benedicta
686 1482 771 1553 regis,

351 1574 484 1633 observat
495 1580 628 1647 praecepta
644 1570 726 1645 legis.

349 1670 435 1727 ileum
448 1678 533 1735 amat,
545 1667 633 1723 ileum
644 1668 740 1735 eredit,

351 1757 494 1831 Nunquam
509 1758 543 1815 ab
563 1756 609 1815 illu
624 1755 735 1813 recedit.

387 1849 470 1921 ilege,
486 1864 588 1920 quaeso.
605 1864 648 1905 me
661 1848 807 1914 miserum,

233 1934 237 1946 '
351 1940 531 1998 Sanctissmn
550 1939 709 2009 mulierum,

350 2034 387 2091 ιιι
397 2034 493 2091 dirinae
510 2047 615 2089 memor
629 2032 696 2105 legia

355 2126 413 2183 Sim
425 2125 459 2180 ad
475 2122 545 2182 velie
559 2122 650 2197 magni
663 2125 747 2197 regis.

380 2215 431 2283 Qui
445 2229 494 2289 per
511 2229 589 2271 suam
603 2213 774 2283 alteritatem,

266 2311 268 2317 ’
351 2306 544 2365 Praestetmihi
563 2307 737 2364 castitatem:

356 2398 391 2455 Et
401 2397 519 2455 mundus
531 2396 566 2453 alr
579 2396 653 2454 omni
667 2396 758 2462 sorde,

353 2492 431 2547 llunc
442 2490 551 2561 diligam
564 2505 632 2562 puro
645 2491 737 2546 corde.

388 2579 439 2637 llic
452 2579 530 2652 cujus
543 2585 586 2635 est
600 2593 708 2651 semper
722 2594 794 2645 esse,

354 2673 413 2731 Scit
423 2672 488 2743 quid
501 2670 568 2729 milti
586 2672 623 2729 sit
636 2686 765 2729 neeesse:

353 2764 442 2821 leam
454 2763 507 2821 seit
520 2763 717 2832 infirmitatem.

353 2858 440 2927 Quam
455 2864 533 2913 sanet
545 2869 594 2926 per
609 2853 748 2926 pietatem.

388 2948 438 3005 Est
451 2947 510 3003 ιιι
522 2960 582 3001 mea
597 2944 751 3008 infirmitas.

352 3041 497 3097 Peccatum
512 3046 540 3093 et
550 3036 696 3109 iniquitas:

353 3130 438 3205 318
450 3130 570 3188 Cicatrir
588 3130 641 3186 mei
655 3129 784 3195 uulneris.

353 3221 503 3281 obduratio
517 3221 637 3279 sceleris.

388 3313 482 3371 llorbu
494 3312 597 3385 peceati
611 3311 740 3383 langueo,

354 3406 406 3477 Qui
420 3420 464 3462 me
480 3413 558 3460 curet
574 3418 627 3460 non
643 3402 750 3459 liabeo:

353 3497 418 3555 Sola
429 3495 553 3554 misereri
565 3496 618 3551 mei

351 3590 447 3647 Potest
458 3587 591 3645 medicina
606 3586 664 3643 Dei.

391 3677 511 3734 Peccans
521 3674 614 3743 eorde,
628 3691 744 3749 peccans
758 3693 804 3733 ιιι

354 3770 464 3828 necessi
478 3768 652 3826 screatore:

358 3864 413 3922 Sed
423 3879 552 3922 succurre
565 3862 631 3920 mihi
648 3878 704 3933 reo,

355 3957 440 4013 Mater
452 3955 520 4029 elus.
534 3942 627 4013 sancta
642 3954 734 4029 Virgo.

389 4049 445 4106 Fae
457 4048 522 4105 mihi
533 4048 691 4120 propitium,

355 4138 440 4209 Quem
452 4138 569 4213 genuisti
586 4138 703 4195 Filium:

356 4234 408 4291 Pro
419 4248 463 4289 me
472 4233 543 4304 apud
556 4232 643 4304 ipsum
655 4246 720 4299 ora,

351 4326 388 4383 Et
401 4339 530 4383 succurre
545 4324 604 4380 sine
616 4338 703 4380 mera.

387 4417 440 4487 Qut
455 4415 601 4487 assumpsit
616 4429 650 4471 ex
662 4423 688 4471 te
700 4428 809 4471 earnem

351 4511 486 4569 Exaudiat
500 4520 573 4566 tuam
583 4522 710 4581 precem

354 4602 427 4660 ttintl
439 4601 488 4659 tibi
499 4599 652 4672 denegabit,

351 4697 438 4765 Quem
451 4690 569 4749 mamilla
588 4699 634 4746 tua
644 4689 726 4761 parit.

389 4786 424 4842 Et
435 4784 477 4841 cul
491 4782 564 4839 iuter
574 4779 709 4837 cunabula

351 4876 440 4935 Cltera
452 4872 549 4931 dedisti
562 4870 669 4940 oscula,

353 4967 489 5042 Quidquid
501 4966 575 5023 illum
591 4962 702 5037 petieris
713 5002 722 5030 ‚

351 5064 500 5134 impetrare
511 5059 628 5133 peteris.
737 5050 739 5058 '

392 5156 463 5213 Deus
473 5169 540 5228 puer
552 5168 586 5211 ιι
599 5159 724 5213 tenatur.

353 5252 388 5307 Et
400 5248 485 5306 Filius
498 5246 578 5304 nobis
589 5244 683 5312 datus,

351 5342 462 5400 llundet
473 5354 522 5397 sua
536 5338 649 5411 pietate,

350 5435 393 5492 Ιι
404 5432 439 5491 ιιι
451 5431 526 5489 omni
539 5430 691 5501 iniquitate.
705 5427 803 5483 Arnen.

590 5516 685 5579 xtttt.

402 5632 507 5678 milli!
519 5631 554 5673 n!
569 5630 593 5671 S·
607 5628 691 5670 mil
703 5624 871 5669 uomitu.

548 5708 590 5763 tu
603 5722 731 5776 perperna.

380 5802 469 5876 ¹llarla
479 5797 644 5875 poenitentiae

1057 482 1080 539 Α
1196 476 1323 534 Formela
1335 477 1428 551 lapsis,
1440 493 1503 551 spes
1516 478 1616 548 reniae,

1195 566 1279 641 319
1290 567 1326 625 Ut
1337 584 1387 627 nes
1398 582 1493 627 auetur
1506 571 1635 627 ιιιιιιιιιιι

1197 658 1256 715 lam
1269 660 1388 731 sepultus
1402 661 1429 717 in
1444 666 1562 734 peccatis

1196 754 1473 825 llesuseltet,ebtine.

1211 857 1217 889 τ
1231 842 1285 900 Ora
1304 859 1354 916 pro
1367 846 1484 917 peccatis
1497 847 1610 916 nostris,

1196 934 1513 1010 lustillcatapeceatrir‚

1192 1027 1235 1084 llo
1244 1028 1342 1085 mentis
1352 1029 1454 1101 studio,

1195 1120 1255 1186 Quo
1266 1129 1381 1192 ιιιιιιι,
1392 1121 1463 1193 rivo,
1478 1139 1543 1182 rere

1195 1212 1360 1284 supplicasti
1372 1213 1498 1274 [lumine.

1231 1302 1355 1374 irrigarit
1368 1312 1404 1373 ιι,
1415 1303 1512 1373 llaria,

1199 1390 1302 1449 Christi
1319 1394 1428 1465 pietatis
1440 1397 1522 1453 unda.

1197 1481 1248 1550 Qui
1261 1491 1287 1539 te
1306 1483 1372 1541 lauit
1384 1496 1413 1543 et
1427 1488 1583 1556 mundarit.

1195 1573 1251 1631 Noe
1266 1574 1359 1633 abluat
1370 1592 1385 1632 a
1397 1581 1516 1650 peecatis

1195 1664 1342 1725 charitatis
1353 1672 1451 1741 gratia.

1232 1744 1294 1816 liae
1305 1758 1411 1816 indrma
1426 1762 1460 1817 ad
1472 1762 1608 1820 neutrum

1196 1848 1288 1917 Venit,
1303 1866 1428 1923 querens
1442 1854 1608 1921 remedium

1198 1938 1397 2008 Prosternitur,
1416 1958 1469 1998 nun
1484 1941 1607 2014 loquitur

1201 2030 1256 2088 Sed
1266 2031 1394 2105 lacrymis
1403 2034 1547 2093 confitetur
1559 2053 1567 2093 ι

1199 2121 1246 2181 Sic
1258 2123 1314 2195 agit
1324 2125 1472 2196 negotium.

1232 2210 1332 2270 Plenus
1343 2214 1529 2272 misericordia

1199 2306 1250 2361 [lat
1268 2306 1388 2363 medicus
1399 2309 1531 2365 remedia.

1200 2394 1278 2450 Nulla
1291 2396 1396 2467 respuit
1403 2394 1517 2453 vulnera

1196 2484 1373 2559 Omnipotens
1390 2487 1526 2544 medicina
1541 2506 1549 2543 ι

1198 2577 1234 2632 Αι
1248 2577 1307 2634 nult
1318 2579 1409 2634 cerdis
1423 2578 1529 2636 intima.

1233 2667 1319 2727 ouen
1335 2669 1394 2726 hee
1405 2671 1602 2743 poerritentiam.

1198 2759 1249 2817 lile
1260 2758 1367 2817 nonsart
1380 2760 1572 2836 indulgentiam
1584 2780 1593 2818 ι

1197 2852 1284 2925 Fugat
1293 2862 1396 2925 septem
1409 2852 1543 2910 daeurnnia

1200 2942 1374 3013 septiformis
1385 2942 1539 3012 clementia,

1198 3038 1222 3093 Δ
1238 3052 1370 3095 conuersa
1387 3036 1499 3095 lemine.

1234 3130 1513 3189 Poeuitentisderotio

1067 3273 1081 3295 ,
1200 3222 1378 3280 Peccatomm
1394 3224 1518 3281 remissio

1200 3312 1261 3370 Fiat
1271 3315 1361 3381 nubis,
1376 3330 1483 3372 summo
1496 3316 1562 3383 Deo,

1201 3405 1252 3473 Qui
1264 3414 1306 3463 est
1316 3415 1409 3463 nostra
1424 3407 1584 3477 redemptio,

1203 3496 1288 3565 Laus,
1300 3497 1388 3554 honor
1400 3505 1429 3555 et
1448 3498 1544 3570 gloria.
1558 3498 1657 3555 Amen.

1331 3587 1413 3660 320
1426 3588 1468 3643 At
1482 3587 1644 3647 Νιιιιιιιιι.

1235 3676 1319 3734 liaria
1334 3678 1457 3749 quaedam
1471 3679 1580 3737 nomine

1200 3770 1357 3842 llagdalenn
1376 3772 1546 3844 eognomine.

1200 3862 1265 3919 Arte
1276 3864 1387 3920 seducta
1400 3864 1563 3931 demerent.

1197 3954 1542 4013 Peccatrixiuitnimlum.
1592 3977 1596 3985 ’

1234 4042 1543 4121 Quaespeeieintumuit‚

1197 4138 1233 4194 Et
1247 4138 1363 4210 turpiter
1375 4139 1528 4209 succubuit,

1198 4228 1327 4301 Superbe
1336 4231 1435 4287 mentis
1448 4233 1514 4289 uitio

1200 4323 1280 4380 Venit
1290 4324 1382 4381 earnis
1393 4326 1532 4397 corruptio

1233 4410 1342 4471 Crimen
1356 4415 1464 4487 quidem
1477 4425 1520 4473 est
1531 4418 1642 4489 gravius

1198 4504 1306 4574 lientis,
1320 4509 1368 4563 sed
1386 4508 1478 4564 carnis
1492 4509 1611 4580 tirrpius;
1686 4546 1692 4555 ·

1199 4597 1268 4653 llum
1284 4598 1388 4670 turpius
1404 4600 1523 4669 erubuit,

1201 4686 1278 4759 Quod
1290 4694 1332 4745 es't
1345 4691 1454 4762 grauius
1467 4692 1566 4747 timuit.

1233 4780 1336 4848 Quem
1346 4782 1443 4840 ancilla
1455 4783 1607 4850 Douninum.

1198 4871 1554 4948 Optatinlirmamedieum
1634 4896 1639 4904 ¹

1198 4965 1303 5021 Obtulit
1316 4968 1374 5023 Ιιιιι
1387 4969 1561 5040 obsequium,

1198 5056 1249 5113 llic
1258 5058 1372 5116 eontulit
1384 5062 1549 5130 remedium.

1233 5149 1345 5207 lliridea
1362 5153 1496 5223 petentia,

1196 5242 1230 5298 Et
1243 5244 1351 5313 pietatis
1362 5246 1463 5315 gratia,

1195 5333 1263 5403 Quae
1277 5334 1305 5390 in
1318 5334 1369 5390 ista
1381 5336 1532 5406 peceatrice

1195 5426 1300 5485 turnus
1314 5422 1421 5483 ¹sanauit
1432 5426 1553 5485 vulnere.

1229 5516 1321 5575 Gloria
1334 5518 1371 5575 sit
1381 5518 1456 5575 Patri
1465 5533 1588 5585 summu,-

1192 5610 1265 5667 tans
1278 5609 1338 5682 elur
1353 5610 1508 5683 Unigenitu,
1529 5638 1532 5643 ·

1197 5702 1295 5759 lionor
1307 5703 1420 5773 Spiritui
1433 5710 1540 5770 saneto,

1197 5794 1334 5866 Tdnitati,
1348 5795 1395 5852 uni
1409 5795 1474 5855 Dee.
1493 5797 1590 5853 Amen.
