4017 6342
119 348 167 403 tit
572 344 863 404 uerlouamou'es
882 346 933 401 SS.
951 344 1106 401 Patrium.
1126 376 1160 389 -
1180 344 1244 401 LlB.
1265 344 1285 400 l.
1693 348 1746 406 utu

120 459 294 517 dilectionem
315 476 370 518 non
402 461 552 529 sustinens,
574 478 629 517 nnn
656 462 829 532 imperative,
855 462 902 517 sed
916 465 940 525 Α
954 460 1242 533 naripraeraleat,etex
1251 459 1302 515 ista
1312 456 1443 530 rapientia
1451 469 1564 531 gustans
1576 458 1746 519 dulcedinem

121 553 205 607 rotirc
217 563 246 607 ει
257 552 385 609 aestuanti
399 554 533 609 desiderio
547 555 674 625 exoptas
689 553 766 609 Unde
781 562 808 609 et
818 555 903 609 dicit:
958 554 1007 610 Bei
1027 570 1088 611 eom
1110 553 1240 625 propbeta
1263 552 1330 609 dicit
1346 572 1378 623 :a
1392 552 1505 609 Gustatc
1525 562 1552 609 et
1572 553 1660 609 ridete
1674 570 1745 626 quo-

126 644 294 703 cOsculetur
319 662 363 702 me
383 647 479 702 osculo
501 647 557 703 eris
572 647 624 703 soi.
641 666 651 699 ι
673 645 732 701 Buo
748 656 812 701 sunt
833 646 904 702 labia
958 649 1032 704 niam
1047 649 1139 705 suauis
1155 656 1197 705 est
1207 647 1340 703 Dominus
1355 645 1441 716 (Paul.
1456 646 1564 717 xxxin).
1578 667 1588 699 ι
1600 646 1746 720 Minoum

124 755 225 809 sponsae
240 759 248 793 :
264 740 367 794 labium
386 738 500 794 inlerius
523 740 660 806 uoluntas,
684 754 746 810 quae
770 740 905 811 appetitus
957 749 999 796 est
1014 737 1104 795 ridere
1122 738 1397 809 quibuspersonisin
1421 736 1540 795 Ecclesia
1567 739 1609 795 rel
1632 740 1740 796 meritis
1810 734 1817 767 ¹

123 830 234 896 dicitor;
255 840 283 885 et
301 831 527 897 consensualitas,
557 847 641 903 quam
667 830 802 887 babemus
827 846 904 887 com·
956 831 985 885 in
999 830 1157 887 aninrabaec
1172 832 1278 903 singula
1287 831 1381 887 oscula
1395 832 1568 889 conveniant.
1582 831 1746 891 Provolutus

122 936 227 975 munem
243 937 307 975 eum
318 922 491 978 animalibus.
507 921 756 1003 Labiumsuperius
767 931 809 978 εει
824 922 903 978 ratio.
956 931 999 979 est
1012 922 1046 977 ad
1059 923 1141 995 pedes
1161 920 1223 989 loli,
1246 922 1346 979 radens
1371 923 1476 979 saniem
1489 932 1569 993 testa,
1584 924 1612 981 id
1625 935 1668 983 εει
1681 941 1744 983 cor-

122 1010 228 1079 lierum,
243 1014 300 1069 duo
326 1023 390 1070 sont
411 1014 484 1071 labia
517 1014 616 1085 Speusi
637 1013 764 1071 :labium
788 1013 903 1071 inlerius
952 1015 1108 1085 ruptionem
1141 1014 1246 1087 peccati
1271 1015 1340 1070 dora
1364 1016 1531 1085 penitentia.
1557 1014 1687 1073 Osculum
1709 1018 1745 1073 ad

122 1103 906 1179 intelligentia,quandolabiumconjungituruoluntati‚ut
952 1121 1052 1161 manus
1077 1105 1231 1175 suscipiens
1253 1114 1296 1161 εει
1330 1104 1438 1173 Esther,
1462 1107 1507 1161 cui
1532 1106 1568 1161 ad
1587 1122 1678 1179 regem
1699 1108 1744 1163 in-

121 1195 245 1269 intelligat
259 1198 371 1269 quidem
386 1199 471 1255 libere
485 1200 553 1257 velle
573 1210 601 1257 et
617 1210 754 1272 appetere,
769 1202 902 1258 etdicat:
953 1197 1071 1253 troeunti
1096 1212 1179 1253 aurea
1203 1198 1290 1269 uirga,
1320 1198 1347 1253 id
1369 1206 1412 1253 εει
1433 1198 1525 1253 diuina
1548 1198 1691 1255 clementia
1714 1208 1743 1255 ει

120 1283 191 1342 Prius
210 1289 357 1359 cupiebam
382 1290 513 1359 carnalia,
533 1306 607 1349 nunc
621 1308 718 1349 uero«
748 1292 906 1363 concupiuit
953 1288 1084 1344 uirtutum
1119 1288 1254 1358 promotio
1278 1288 1312 1343 de
1347 1304 1431 1343 manu
1466 1288 1580 1345 benellci
1605 1290 1744 1361 largitoris

118 1378 201 1433 anima
225 1396 290 1435 mea
305 1380 461 1437 desiderare
472 1381 685 1453 justificationes
698 1391 761 1439 tuas
775 1384 804 1439 in
827 1383 903 1439 omni
954 1378 1113 1451 porrigitur.
1128 1378 1288 1451 Pertiugens
1303 1379 1338 1435 ad
1353 1378 1478 1437 osculum
1494 1379 1551 1436 oris
1565 1390 1609 1436 est
1625 1380 1743 1451 Moyses,

118 1476 233 1541 tempore
253 1470 344 1543 (Psoi.
360 1473 465 1544 cxviii).
481 1473 613 1545 Superius
631 1474 735 1529 labium
749 1472 848 1545 Sponsi
862 1482 905 1529 est
954 1471 1043 1543 quiin
1058 1478 1150 1529 monte
1175 1487 1237 1527 eum
1253 1470 1370 1527 Domino
1391 1480 1587 1541 commoratur,
1612 1482 1697 1529 etone
1707 1473 1744 1530 ad

115 1562 257 1632 sapientia,
286 1581 370 1635 quam
390 1566 475 1638 tangit
492 1566 600 1622 ratiout
624 1566 693 1621 nihil
707 1576 804 1637 praeter
820 1565 904 1621 ὓειιιιι
954 1578 987 1619 οε
1005 1563 1137 1633 loquitur,
1159 1562 1202 1619 ιἐι
1221 1562 1316 1632 llario,
1336 1579 1398 1635 quae
1417 1562 1531 1621 verlium
1555 1580 1588 1621 ex
1604 1578 1652 1623 ore
1676 1562 1743 1623 lesu

110 1654 210 1724 sapiat,
242 1656 341 1727 sicque
369 1672 427 1713 sue
453 1658 622 1715 sensualitati
636 1671 754 1730 preaesse
768 1667 794 1714 et
812 1656 903 1713 domi·
956 1672 1023 1713 anre
1037 1656 1140 1713 intenta
1153 1657 1370 1729 audirccrpetit.

683 1964 936 2085 domnici
973 2004 1178 2085 reuma,

752 2201 937 2265 Secundum
953 2204 1084 2267 Lucam.

146 2394 251 2452 «Erat
273 2394 355 2451 lesus
381 2395 494 2467 ejiciens
511 2394 692 2463 demonium,
719 2404 818 2453 etcrat
832 2395 999 2462 illudneis.
1028 2412 1039 2447 ι
1069 2393 1156 2451 Omne
1176 2410 1290 2467 regnum
1317 2397 1347 2453 in
1373 2398 1493 2471 seipsum
1518 2400 1636 2458 divisum
1661 2404 1742 2461 deso·

116 2500 227 2549 monim.
255 2488 290 2543 Et
305 2506 367 2544 eum
392 2489 518 2559 ejecisset
540 2488 716 2557 daemonium,
740 2489 849 2547 locutus
861 2502 904 2547 est
953 2486 1066 2555 labitur,
1090 2497 1118 2544 et
1132 2486 1232 2543 domos
1259 2488 1345 2545 diuisa
1359 2490 1491 2549 aduersus
1507 2506 1538 2549 se
1550 2508 1604 2549 non
1618 2496 1709 2553 stalrit.
1729 2516 1741 2551 ι

117 2593 213 2650 mutus,
232 2592 262 2638 et
275 2581 417 2637 admiratae
433 2589 497 2637 ειιιιι
517 2582 603 2637 turbee
623 2581 745 2638 dieentes
757 2602 763 2636 :
775 2581 904 2654 Numquid
952 2580 994 2635 ad
1014 2579 1193 2651 cogitationes
1215 2578 1416 2639 Pharisaeorum
1442 2588 1581 2655 respondit
1596 2597 1626 2644 ut
1641 2590 1684 2645 rel
1701 2588 1743 2647 sie

117 2676 239 2748 apparuit
264 2675 348 2731 sicin
370 2673 461 2729 lsrael.
486 2672 613 2745 llunqoid
633 2673 685 2729 istc
701 2684 743 2730 est
760 2673 833 2729 lilius
852 2672 904 2729 lla·
953 2673 1313 2743 compellerenturcredcre.
1337 2674 1418 2733 Juxta
1439 2677 1555 2733 litteram
1578 2688 1651 2749 patet
1665 2682 1743 2752 quod

117 2770 168 2831 rid,
185 2777 238 2824 etc.
264 2766 341 2838 (Luc.
359 2767 421 2827 xil‘i
442 2786 452 2819 ι
469 2766 510 2822 Ac
531 2768 554 2822 si
574 2767 668 2823 dicant
683 2766 902 2839 turlnclsrdeles:
953 2778 1035 2819 omne
1059 2780 1172 2837 regnum
1191 2767 1308 2823 solidum
1333 2775 1362 2822 et
1380 2768 1501 2833 lii-mum,
1529 2768 1553 2825 si
1576 2784 1625 2839 per
1649 2782 1741 2842 partes

116 2858 171 2915 llon
188 2868 295 2915 tantum
315 2868 357 2915 est
375 2858 448 2913 filius
466 2858 551 2914 David
572 2858 643 2925 istc,
673 2859 722 2915 sed
749 2860 832 2915 etiam
858 2860 904 2914 Fi·
952 2856 1094 2923 diuiditur,
1120 2873 1183 2913 cum
1205 2858 1250 2913 alii
1263 2859 1298 2913 ab
1309 2858 1371 2915 aliis
1387 2861 1429 2915 uel
1450 2860 1600 2929 puniuntor
1621 2863 1663 2919 rel
1680 2879 1743 2934 per·
1838 2862 1841 2869 ⁴

114 2954 165 3009 lius
187 2951 247 3007 Bei.
278 2949 308 3005 ln
328 2949 423 3005 Graeco
447 2950 545 3006 melius
571 2960 654 3006 sonat
679 2952 795 3009 surdum
818 2968 902 3023 quam
953 2946 1086 3015 iniuntur,
1110 2948 1138 3003 ιιι
1170 2949 1344 3007 solitudinem
1370 2950 1513 3021 redigitur,
1529 2962 1676 3009 vacuatum
1705 2955 1741 3011 ab

109 3054 242 3112 mutum;
258 3043 307 3099 scd
333 3041 475 3113 Scriptura
512 3043 627 3099 altorum
657 3045 759 3116 accipit
795 3045 903 3101 innitte-
953 3038 1163 3096 habitatoribus.
1174 3040 1278 3097 Cadere
1299 3057 1407 3114 quoque
1424 3043 1493 3099 ratio
1511 3054 1553 3099 εει
1572 3044 1671 3101 domus
1681 3046 1741 3103 sive

105 3148 205 3193 renter
225 3150 276 3207 pro
291 3136 386 3191 altero.
411 3135 535 3205 Egressis
551 3147 652 3202 aritem,
666 3138 797 3195 subaudis
806 3138 841 3195 de
851 3139 904 3196 boc
953 3133 1060 3189 civitas·
1086 3132 1165 3201 Quod
1186 3131 1331 3190 llattlraens
1343 3135 1429 3205 ponit.
1450 3136 1607 3193 Concordia
1621 3154 1742 3210 namquo

104 3231 225 3294 ειεειιιε,
251 3227 410 3283 obtuderunt
431 3226 547 3282 Domino
569 3228 762 3297 praedicatores
785 3240 902 3296 inritum,
952 3240 1044 3295 parrae
1058 3241 1102 3281 res
1116 3235 1256 3295 crescunt3
1272 3226 1409 3283 discordia
1431 3228 1558 3285 maxime
1574 3230 1741 3289 dilabuntur.

103 3321 218 3377 scilieet
248 3320 385 3390 populum
412 3328 531 3385 mutrrnr,
548 3320 595 3390 qui
608 3319 675 3375 uiliil
690 3321 780 3377 adbuc
792 3331 851 3376 erat
863 3322 904 3377 lo·
953 3317 1014 3385 Quo
1035 3327 1126 3373 autem
1148 3320 1206 3375 baec
1230 3318 1407 3389 spiritualiter
1421 3322 1607 3389 attendantur,
1620 3324 1742 3395 exponit.

103 3424 193 3469 cutus
216 3412 251 3467 de
268 3411 353 3483 gloria
366 3410 425 3477 Bel,
441 3411 515 3481 qued
528 3427 582 3467 non
594 3412 727 3468 habuerat
742 3415 903 3484 praedicate·
992 3429 1002 3462 ι
1021 3408 1050 3465 Si
1072 3420 1162 3467 autem
1186 3419 1214 3467 ει
1239 3408 1356 3467 Satanas
1368 3412 1395 3465 in
1408 3412 1528 3483 seipsum
1558 3414 1662 3471 divisus
1690 3424 1743 3483 εει,

104 3521 166 3561 res.
192 3502 245 3559 llic
261 3503 378 3575 populus
405 3502 566 3573 intelligitur
591 3502 678 3559 luisse
695 3503 729 3559 de
754 3505 901 3575 gentibus:
953 3504 1092 3573 quomodo
1108 3502 1191 3559 stabit
1211 3518 1325 3570 regnum
1348 3504 1444 3575 ipsius.
1461 3524 1469 3557 ι
1485 3503 1545 3561 Non
1560 3514 1648 3576 potest
1659 3515 1742 3575 stare,

105 3598 187 3653 unde
209 3606 238 3653 et
251 3598 376 3667 sequitur
391 3597 538 3652 admiratio
563 3596 705 3652 turbarum
722 3597 838 3669 deipsis
862 3596 904 3651 di·
954 3594 1002 3651 sed
1019 3595 1101 3651 linem
1125 3594 1218 3663 babet,
1232 3597 1298 3667 quia
1321 3597 1412 3653 dicitis
1428 3597 1456 3652 in
1471 3596 1623 3654 Beelzebub
1639 3599 1739 3669 ejicere

107 3689 239 3746 centibus
256 3704 398 3759 nundinam
421 3690 462 3745 sic
482 3690 642 3759 apparuisse
658 3690 687 3745 in
719 3688 811 3758 lsrael,
828 3691 903 3746 scili·
954 3702 998 3743 mc
1010 3687 1155 3743 demonia.
1180 3688 1289 3761 Eligant
1302 3690 1375 3759 quod
1397 3689 1489 3746 velint.
1507 3688 1537 3744 Si
1561 3688 1676 3746 Satanas
1692 3690 1744 3747 Sa·

108 3789 154 3837 eet
173 3790 206 3837 ut
222 3789 263 3836 tot
284 3782 348 3837 inde
373 3781 454 3838 simul
475 3790 697 3839 converterentur
720 3783 753 3838 ad
767 3750 937 3839 illinistia·c
955 3787 1045 3833 mnam
1060 3795 1116 3835 non
1143 3789 1234 3849 potest
1256 3781 1371 3851 ejicere,
1391 3781 1459 3837 nibil
1483 3792 1579 3839 contra
1595 3780 1742 3839 Bominum

110 3874 244 3928 ιιιειιιιιιιι.
954 3868 1058 3926 dicunt.
1087 3868 1116 3927 Si
1136 3881 1226 3926 autern
1249 3881 1347 3943 potest,
1377 3874 1542 3929 reccdauta
1570 3890 1655 3945 reguo
1669 3876 1741 3944 ejus,

150 3962 308 4017 ‹Pbarisaei
330 3970 420 4017 autem
443 3960 630 4018 dicebant21n
654 3960 806 4018 Beelzebub
829 3963 904 4033 prin·
954 3961 1029 4033 quod
1047 3962 1165 4018 diuisum
1193 3973 1265 4019 stare
1286 3978 1340 4017 uon
1363 3972 1452 4033 potest
1475 3980 1509 4019 ne
1534 3965 1562 4019 iu
1581 3966 1659 4021 ruina
1682 3967 1744 4036 ejus

113 4068 173 4125 cipe
188 4054 386 4109 daerrroniorum
400 4053 445 4109 lric
453 4053 528 4123 ejicit
544 4055 691 4109 daemones.
708 4074 718 4106 ι
735 4052 834 4111 Τιιιιιιε
852 4057 904 4111 mi·
955 4054 1057 4124 pariter
1078 4052 1262 4109 involvantur.
1284 4074 1294 4105 ι
1315 4052 1342 4108 Si
1364 4063 1455 4109 autem
1476 4055 1569 4124 egoiu
1593 4056 1744 4113 Beelzebub

115 4163 169 4203 uris
196 4148 311 4202 eruditis
338 4145 408 4202 iacta
435 4145 543 4201 Bomiui
562 4146 736 4213 mirantibus,
760 4146 904 4203 Scrilueet
955 4144 1035 4215 ejicio
1050 4145 1196 4212 daemonia,
1212 4146 1260 4201 lilii
1284 4145 1367 4201 vestri
1392 4146 1421 4200 in
1436 4160 1491 4215 quo
1512 4146 1652 4215 ejiciunt?
1678 4146 1744 4203 idco

114 4236 245 4295 Pharisaei
270 4239 384 4295 sinistra
402 4238 628 4308 interpretatione
652 4238 686 4293 de
700 4236 778 4293 lactis
796 4237 904 4293 Domini
942 4235 1007 4306 ipsi
1027 4235 1134 4305 judices
1160 4236 1386 4291 resilierunt.»
1410 4236 1494 4293 Filios
1515 4234 1672 4291 iudeorum
1701 4242 1745 4295 vel

116 4330 275 4385 lahorabant
300 4330 479 4386 attribuentes
498 4328 631 4385 miracula
654 4330 715 4399 ejus
735 4328 903 4399 Beelzebub,
954 4324 1104 4383 exorcistas
1126 4327 1214 4399 geritis
1229 4327 1304 4383 illius
1316 4326 1479 4399 significant,
1495 4328 1536 4383 vel
1553 4328 1694 4397 apostolos
1706 4344 1742 4385 ex

115 4423 189 4490 «ruod
212 4423 277 4477 deus
291 4431 349 4477 erat
372 4420 506 4477 decaron.
533 4419 596 4475 Beel
620 4420 679 4490 ipse
694 4428 737 4475 est
758 4420 833 4475 Baal.
854 4420 904 4475 ze-
954 4431 1051 4473 eorum
1065 4420 1150 4487 stirpe
1170 4426 1324 4489 generatos.
1350 4416 1435 4484 Quasi
1460 4416 1555 4473 dicat:
1572 4415 1601 4471 Si
1630 4416 1744 4475 insiliis

115 4515 282 4570 labantem
311 4530 406 4570 musea
436 4522 559 4569 uocatur.
596 4510 659 4569 llaec
677 4513 754 4583 justa
778 4514 903 4585 quedam
954 4511 1055 4567 restris
1068 4511 1256 4581 expulsionem
1267 4508 1483 4565 dminorrumBee
1494 4506 1751 4580 attribuitisquare,

113 4607 247 4661 mendosa
270 4605 447 4674 exemplaria,
462 4604 482 4671 t,
508 4604 609 4670 littera,
625 4603 700 4659 ueld
726 4605 754 4659 in
782 4604 837 4659 line
862 4615 906 4662 est
954 4604 983 4659 in
998 4619 1042 4660 me
1058 4605 1194 4661 nunidem
1210 4603 1300 4659 lacitis
1312 4603 1323 4656 i
1337 4604 1525 4675 Apostoli‚qui
1539 4612 1603 4659 sunt
1614 4604 1745 4674 ignobilia

114 4698 237 4755 nominis
261 4698 383 4768 legenda.
409 4697 462 4753 Sed
475 4697 504 4764 b,
528 4695 597 4764 beel,
614 4696 711 4763 zebah,
725 4705 773 4753 aut
792 4698 833 4751 cir
844 4715 904 4753 nru-
954 4706 983 4754 et
1009 4699 1222 4771 contemptibilia
1253 4698 1337 4769 liujus
1358 4699 1477 4763 mundi,
1499 4698 1526 4753 iu
1558 4698 1659 4768 quibus
1688 4714 1744 4757 uon

112 4802 232 4858 scarum,
254 4792 311 4847 sire
325 4790 422 4843 linteas
448 4805 551 4842 muscas
565 4789 768 4859 interpretatur,
793 4788 828 4844 ob
843 4804 904 4845 sor·
956 4792 1126 4863 malignitas,
1157 4791 1205 4847 scd
1230 4806 1297 4847 mee
1313 4790 1422 4845 sirudis
1446 4789 1605 4860 simplicitas
1620 4800 1743 4859 apparet,

111 4877 166 4937 des
189 4884 312 4939 videlicet
337 4881 503 4938 immolatitii
528 4881 646 4947 cruoris,
668 4897 702 4935 ει
721 4881 800 4952 cujus
825 4897 905 4952 spur·
956 4893 1039 4940 testes
1055 4884 1107 4938 mei
1130 4892 1220 4950 erunt,
1244 4882 1317 4953 quod
1333 4883 1359 4937 in
1375 4880 1474 4951 Spiritu
1490 4890 1584 4937 sancto
1596 4882 1677 4952 ejicio
1690 4882 1746 4938 dau·

110 4972 289 5031 cissimoritu
305 4975 346 5032 rel
361 4976 471 5029 nomine
482 4974 632 5043 principem
646 4972 844 5027 daeuroniorum
859 4988 906 5029 eo·
957 4978 1060 5035 monia.
1087 4976 1120 5031 Bt
1133 4984 1213 5031 erunt
1227 4976 1310 5031 uestri
1332 4976 1440 5046 judices
1462 4975 1495 5031 de
1514 4974 1567 5030 lroc
1588 4976 1663 5046 quod
1676 4976 1744 5031 milii

110 5066 321 5132 gnominabaut.
339 5064 409 5121 Nota
430 5064 615 5136 quodNinus,
634 5079 683 5119 rex
706 5064 831 5120 conditor
854 5062 904 5118 Ni·
958 5068 1099 5139 imponitis
1126 5082 1174 5137 per
1193 5066 1345 5123 Beelzebub
1372 5066 1489 5137 operari.
1516 5065 1565 5121 Vel
1591 5068 1744 5135 exorciste,

109 5156 194 5216 nris-es
208 5160 272 5216 Belo
286 5158 356 5231 patri
373 5167 491 5214 statuam
506 5158 691 5226 consecravit,
704 5156 785 5228 eique
797 5156 905 5213 diuinos
921 5126 1004 5233 Dqun
1019 5160 1067 5215 lilii
1082 5160 1163 5215 vestri
1188 5169 1253 5217 sont
1278 5168 1306 5215 et
1325 5160 1464 5216 daemones
1483 5158 1579 5231 lugunt
1599 5160 1633 5217 ab
1648 5161 1745 5217 obses·

103 5245 236 5308 honores
255 5253 408 5309 coustituit.
427 5249 512 5321 Cujus
535 5250 675 5305 simulacri
695 5249 905 5307 similitudinem
959 5254 998 5311 sis
1020 5253 1127 5324 iudices
1154 5254 1236 5309 nestri
1259 5262 1350 5318 erunt,
1367 5268 1421 5308 non
1435 5260 1568 5323 potestate
1588 5254 1684 5310 ulmei
1702 5252 1745 5307 di·
1788 5246 1790 5253 ⁴

98 5332 234 5397 Chaldaei
249 5342 439 5413 suscipientes,
458 5338 504 5395 Bel
517 5340 661 5394 uocabant.
683 5336 748 5394 lndc
769 5336 906 5394 Palaestini
958 5344 1066 5415 scipuli,
1088 5344 1137 5401 sed
1155 5346 1369 5415 comparatione,
1394 5345 1458 5401 dum
1481 5345 1520 5399 illi
1556 5343 1744 5414 expulsionem

94 5430 905 5506 Suscipienlesstiaaldicebant.MoabitaeBeelphtgdr,Jit·
957 5438 1111 5493 (laemonum
1139 5435 1193 5493 Deo
1207 5437 1359 5509 assignant,
1373 5452 1422 5493 vos
1448 5434 1598 5493 Beelzebub
1624 5430 1746 5505 principe

87 5514 165 5580 daei
181 5536 285 5591 autem,
306 5525 389 5579 unius
403 5523 450 5578 Bci
472 5525 591 5579 cultores
603 5532 724 5595 propter,
740 5523 905 5580 derisionem
960 5528 1170 5587 daerunniorom.

80 5620 248 5687 gentium,
274 5616 425 5673 Beelzebub
443 5617 624 5688 appellabant,
647 5628 800 5673 asserentes
811 5618 839 5671 in
852 5616 906 5673 lroc
998 5639 1008 5673 ι
1025 5620 1122 5687 Porro,
1137 5620 1161 5675 si
1178 5620 1204 5675 iu
1221 5621 1306 5693 digito
1317 5622 1364 5677 Bei
1377 5621 1456 5691 ejicio
1467 5616 1610 5683 daemonia,
1625 5612 1746 5685 prolecto

71 5696 265 5767 ‘hauriam-o
290 5708 440 5779 principem
463 5709 661 5763 daemoniorum
684 5710 817 5765 babitare.
958 5714 1082 5787 peruenit
1106 5712 1133 5768 in
1154 5729 1332 5789 rosregnum
1362 5714 1445 5769 Bel.»
1478 5710 1506 5765 Si
1519 5724 1570 5781 ego
1594 5710 1620 5763 in
1641 5706 1745 5777 Spiritu

136 5824 159 5859 ι
178 5804 240 5876 ιρεε
267 5810 360 5858 autem
386 5810 417 5856 ut
434 5801 500 5857 uidit
523 5802 703 5874 cogitatianes
721 5818 815 5859 eorum
839 5804 910 5861 dixit
962 5806 1010 5863 liei
1025 5806 1106 5877 ejicio
1119 5805 1269 5875 daemones,
1287 5822 1337 5863 nec
1350 5806 1428 5863 alitor
1452 5812 1568 5877 possunt
1594 5800 1642 5859 ulii
1662 5798 1745 5857 nerui
