4017 6342
285 323 341 385 ω
834 310 999 369 treasstu
1018 306 1169 367 assatis
1187 306 1217 365 s,
1239 303 1352 361 suisti
1866 307 1908 365 aar

286 446 399 515 propter
413 446 514 495 metum
529 432 695 495 iudaeorum,
710 428 785 485 reuit
795 425 886 495 lesus,
905 436 933 483 et
953 426 1028 483 stetit
1051 423 1078 487 in
1095 434 1118 489 Α
1131 420 1165 476 Ει
1183 420 1255 477 sicut
1267 435 1324 475 una
1338 427 1381 475 est
1394 420 1515 477 charitas
1528 428 1556 477 et
1569 418 1625 477 duo
1643 427 1790 491 precepta,
1804 418 1838 475 ita
1850 437 1909 483 unus

279 532 381 599 medio
394 544 490 587 eorum
503 525 595 590 ileon.
617 524 677 592 xx).
694 540 705 575 r
720 519 792 589 Quid
816 520 916 575 mirum
941 519 976 585 si,
986 516 1081 589 januis
1134 514 1254 587 Spiritus
1265 522 1292 570 ει
1304 512 1360 569 duo
1370 513 1444 570 data.
1457 516 1527 571 Ante
1537 524 1628 569 tamen
1641 511 1835 583 discipulorum
1846 532 1907 573 men-

287 622 402 688 etsnsis,
426 628 488 691 post
504 613 732 671 resurrectionem
745 625 824 666 suam
839 610 866 665 in
879 617 1012 664 auruum
1023 610 1081 679 jam
1133 606 1207 663 tibus
1236 606 1323 663 inerat
1344 604 1463 678 Spiritus
1488 615 1601 663 sanctus
1621 604 1657 661 ad
1680 605 1777 672 lidem;
1800 608 1843 661 sel
1864 625 1906 668 um

286 716 409 773 victurus
424 710 545 773 intrarit,
569 706 616 777 qui
630 704 781 761 moriturus
791 701 903 758 renierus
916 716 971 755 nou
985 708 1082 771 aperto
1133 697 1170 753 ita
1183 696 1338 767 manifeste,
1352 705 1383 753 ut
1396 706 1458 769 post
1473 698 1715 755 resurrectionem.
1742 696 1818 754 Unde
1836 700 1905 759 illud:

286 816 365 863 mero
378 796 675 872 VirginiscxiritiScd
692 796 757 868 quia
770 795 804 851 ad
817 795 995 864 illudcorpus
1008 790 1082 862 quod
1139 806 1147 838 r
1170 786 1297 843 Nondum
1313 796 1373 845 crat
1399 788 1518 859 Spiritus
1543 790 1635 857 datus,
1663 789 1730 859 quia
1752 787 1829 851 lesus
1850 809 1906 849 nor-

285 895 372 952 rideri
396 900 504 963 poterat
526 891 594 947 tides
612 889 777 945 intuentium
789 886 943 952 dubitabat,
962 883 1083 941 ostendit
1137 880 1203 937 dum
1231 880 1321 937 iuerat
1345 880 1512 953 glorificatus
1537 880 1637 953 (loon.
1666 892 1730 954 ru).
1760 902 1770 935 r
1799 881 1866 941 llule
1886 897 1908 944 et

284 988 326 1043 cis
348 986 476 1057 protinus
498 998 599 1039 uranus
622 990 650 1037 ct
671 981 753 1037 latus.
776 978 943 1051 Palpanrlam
971 993 1082 1033 carnem
1134 987 1185 1043 per
1201 970 1312 1045 bloysen
1337 974 1438 1029 dicitur
1466 990 1476 1028 ε
1506 992 1516 1025 r
1540 973 1682 1031 Suxerunt
1703 975 1758 1031 mel
1784 976 1815 1031 dc
1838 990 1905 1048 petra,

284 1076 412 1151 praebuit,
424 1091 506 1146 quam
522 1074 625 1129 clausis
635 1072 729 1142 januis
751 1069 911 1126 introduxit.
937 1068 1036 1123 Clarus
1057 1067 1082 1121 ci
1134 1063 1281 1135 oleumque
1295 1064 1329 1120 de
1344 1066 1422 1121 lirina
1435 1075 1512 1137 petra
1526 1065 1617 1137 (Dent.
1633 1068 1734 1137 xtxrt).
1753 1086 1763 1118 r
1781 1064 1847 1123 Nibil
1867 1072 1906 1129 tale

285 1184 386 1227 manus
399 1168 505 1233 dxerat,
521 1166 616 1221 lancea
632 1165 703 1220 latus
727 1170 872 1234 aperuerat
885 1161 931 1217 ubi
952 1160 987 1215 ad
1003 1158 1085 1215 dubi·
1132 1156 1210 1227 juxta
1226 1156 1368 1212 historiam
1384 1156 1493 1226 legitur,
1509 1156 1531 1212 si
1544 1166 1601 1211 tota
1617 1158 1704 1213 series
1719 1156 1822 1213 icteris
1833 1157 1906 1217 'lesu-

286 1262 404 1319 tautinm
428 1260 513 1317 corda
534 1256 657 1314 satianda
671 1255 815 1311 vulnerum
836 1262 943 1311 serrata
957 1260 1083 1307 srrrrtrc·
1136 1248 1221 1305 menti
1247 1260 1431 1305 recenseatur.
1460 1248 1513 1305 Sed
1540 1250 1604 1320 quia
1636 1249 1788 1307 secundum
1814 1250 1904 1309 Panluu

286 1353 378 1425 stigia.
392 1352 453 1419 Qua
476 1350 505 1405 in
520 1365 551 1407 re
564 1349 621 1405 duo
634 1348 716 1415 mira,
728 1360 766 1414 ct,
777 1345 856 1417 iuxta
871 1344 1021 1401 humanam
1037 1358 1085 1397 ra·
1134 1348 1212 1410 petra
1233 1350 1291 1396 erat
1303 1341 1440 1408 Christus,
1455 1342 1509 1397 mel
1526 1340 1560 1397 de
1575 1352 1651 1411 petra
1667 1351 1801 1397 suxerunt
1812 1344 1853 1413 qui
1865 1343 1904 1401 lle-

286 1448 390 1505 tionem
411 1446 465 1502 sibi
478 1443 557 1499 ualde
570 1440 719 1507 contraria,
733 1438 864 1505 ostendit,
877 1437 943 1492 dum
964 1443 1027 1506 post
1042 1450 1085 1489 re·
1135 1429 1285 1502 demptoris
1302 1432 1433 1489 miracula
1450 1434 1585 1490 ridernnt.
1609 1432 1707 1490 Oleum
1722 1449 1786 1490 vero
1798 1435 1829 1492 de
1845 1436 1904 1494 lirtm

287 1536 485 1595 surrectionem
507 1548 586 1591 suam
608 1547 708 1602 corpus
728 1544 808 1586 suum
827 1538 856 1586 et
878 1526 1085 1597 incorruptibile
1135 1531 1211 1593 petra
1233 1535 1376 1593 suxerunt,
1392 1528 1439 1598 qui
1459 1537 1522 1601 post
1545 1528 1776 1585 resurrectionem
1791 1528 1905 1597 cjusclln·

286 1638 315 1685 ct
332 1637 422 1685 tamen
436 1625 571 1696 palpabile
584 1621 792 1678 demonstrarit.
819 1618 888 1675 Nam
901 1628 930 1675 ct
942 1618 1084 1689 corrumpi
1135 1614 1215 1672 sione
1229 1618 1318 1673 sancti
1335 1617 1452 1689 Spiritus
1476 1620 1540 1692 ungi
1569 1630 1740 1677 meruerunt.
1763 1619 1859 1679 lnlirma
1871 1641 1905 1694 po

287 1734 399 1777 neeesse
418 1726 462 1775 est
482 1714 556 1787 quod
580 1714 716 1785 palpatur,
738 1720 766 1767 et
787 1710 892 1781 palpari
915 1725 971 1765 non
995 1717 1085 1781 potest
1137 1708 1264 1765 tradedit
1279 1709 1343 1777 mel,
1356 1727 1418 1767 cnm
1433 1712 1524 1767 adhuc
1538 1721 1612 1767 essct
1626 1712 1761 1779 mortalis,
1774 1728 1833 1769 scra
1847 1726 1904 1785 prtra

287 1810 361 1881 quod
374 1826 430 1867 nou
445 1806 639 1877 corrumpitur.
666 1803 720 1861 Sed
745 1804 816 1859 miro
830 1802 914 1859 modo
936 1811 1019 1873 atque
1042 1802 1085 1858 in·
1100 1793 1122 1849 ll
1136 1797 1227 1853 oleum
1242 1796 1312 1855 ludit
1326 1814 1388 1855 cum
1403 1807 1466 1873 post
1481 1801 1711 1857 resurrectionem
1732 1800 1783 1855 luit
1801 1801 1904 1873 impassi-

286 1902 441 1962 aestimabili
456 1899 621 1969 Redemptor
644 1909 737 1953 noster
751 1904 779 1951 et
792 1894 1000 1965 incorruptibile
1023 1902 1085 1965 post
1134 1888 1208 1945 bilis.

287 1994 518 2053 resurrectionem
543 1999 571 2047 ct
595 1989 730 2063 palpabile
756 2003 858 2059 corpus
884 1986 1018 2053 exhibuit,
1043 1995 1083 2055 ut,
1173 1980 1322 2037 «Thomas
1337 1990 1428 2039 subm
1443 1999 1515 2040 tinus
1537 1999 1569 2040 er
1586 1984 1745 2054 duodecim,
1765 1988 1810 2057 qui
1827 1988 1904 2045 dicitur

287 2087 469 2145 monstrando
483 2084 691 2156 incorruptibile
718 2082 846 2139 invitaret
872 2081 905 2137 ad
928 2080 1083 2152 praemium,
1135 2070 1280 2145 Didymus,
1294 2091 1349 2131 non
1376 2083 1436 2131 erat
1454 2092 1517 2131 enm
1543 2078 1584 2133 cis
1609 2079 1722 2150 qrrando
1744 2080 1815 2134 rcoit
1834 2078 1902 2139 lesus.

287 2180 433 2245 prebendo
453 2177 589 2249 palpabile
612 2174 743 2232 iormarct
767 2175 801 2231 ad
819 2174 911 2229 sidem.
936 2171 971 2227 Et
991 2172 1085 2227 incor-
1135 2164 1268 2223 Dixerunt
1282 2182 1348 2241 erpo
1362 2168 1387 2225 ci
1402 2168 1448 2224 alii
1463 2169 1591 2244 discipuli
1607 2189 1614 2227 ε
1630 2165 1758 2227 Vidimus
1772 2170 1902 2229 Dominum.

287 2272 445 2343 ruptilrilcm
469 2285 499 2327 se
521 2285 587 2336 erpo
599 2278 627 2325 ct
642 2267 805 2339 palpabilem
826 2264 1035 2329 demonstrarit,
1056 2272 1086 2319 ut
1134 2254 1181 2314 llle
1195 2267 1286 2315 autem
1300 2260 1369 2315 dixit
1388 2260 1430 2315 eis
1447 2258 1526 2317 :Nisi
1549 2262 1644 2319 nidero
1667 2262 1696 2319 in
1722 2264 1842 2320 manibus
1859 2266 1903 2336 ejus

287 2362 411 2435 proiecto
435 2377 496 2419 esse
517 2370 581 2432 post
601 2358 829 2417 resurrectionem
853 2357 1010 2413 ostenderet
1023 2370 1085 2413 cor·
1135 2350 1252 2407 lixuram
1279 2352 1430 2419 clarorum,
1458 2362 1486 2409 ct
1510 2353 1617 2409 mittam
1643 2355 1760 2424 digitum
1788 2372 1866 2411 mcum
1883 2358 1903 2413 iu

287 2470 340 2527 pus
354 2470 435 2511 suum
448 2462 476 2509 et
487 2454 611 2525 ejusdem
623 2460 738 2520 naturae,
750 2460 778 2509 ct
791 2450 905 2506 alterius
915 2448 1018 2521 gloriae.
1135 2442 1225 2499 locum
1241 2443 1392 2509 clarorum,
1409 2453 1436 2501 et
1456 2445 1562 2501 brittam
1585 2462 1698 2503 martum
1714 2464 1803 2503 nicam
1816 2448 1838 2503 in
1850 2450 1904 2505 latur

326 2568 337 2603 r
353 2548 387 2605 Et
400 2548 469 2605 dixit
483 2547 524 2605 cis
538 2566 546 2601 ι
560 2545 616 2603 l’art
632 2545 719 2601 robis.
739 2564 749 2597 r
773 2544 871 2599 Pacem
885 2542 1016 2599 offerebat
1037 2540 1085 2613 qui
1134 2535 1206 2607 ejus,
1222 2550 1278 2593 non
1291 2536 1411 2593 crerlam.
1434 2556 1443 2587 r
1463 2535 1523 2593 Non
1538 2553 1606 2594 cusu
1618 2539 1666 2593 scd
1680 2539 1772 2596 dirirra
1789 2540 1904 2612 dispensa·

287 2651 399 2715 propter
409 2653 503 2713 pacem
515 2639 599 2695 uenit.
613 2637 646 2693 Et
655 2638 757 2709 quibus
769 2646 850 2693 antea
861 2636 945 2692 dixit:
965 2635 1084 2691 «Pacem
1135 2630 1209 2683 tione
1229 2636 1336 2699 gestum
1362 2640 1414 2697 est,
1439 2638 1469 2685 ut
1489 2629 1534 2687 ille
1559 2630 1711 2703 discipulus
1728 2641 1791 2689 tunc
1810 2634 1902 2697 deesset,

288 2734 414 2804 rclinquo
428 2732 519 2799 robis,
532 2745 627 2801 pacem
643 2745 732 2786 meam
747 2730 782 2787 do
793 2728 870 2785 robis
882 2726 973 2799 (loen.
984 2728 1054 2797 ιιι),
1072 2746 1081 2775 ι
1135 2729 1197 2790 post
1220 2730 1311 2777 autem
1335 2722 1464 2779 dubitans
1476 2722 1607 2794 palparet,
1624 2734 1652 2779 et
1665 2724 1782 2797 palpans
1795 2726 1902 2783 crederet.

288 2824 372 2882 111⁰th
386 2822 473 2879 dicit:
491 2840 501 2877 r
519 2821 575 2877 Pax
590 2822 668 2882 vobis
686 2840 695 2874 r
714 2820 779 2892 quia
794 2836 889 2891 pacem
907 2821 934 2875 in
954 2828 1085 2877 nascente
1135 2811 1200 2870 Plus
1214 2815 1287 2871 enini
1303 2815 1450 2874 inlldclitas
1462 2814 1575 2875 Tbomae
1588 2819 1622 2874 dd
1636 2818 1717 2875 fidem
1734 2820 1811 2876 nobis
1823 2819 1905 2891 prdidil

287 2915 399 2973 Claristo
412 2914 502 2987 arrpeli
517 2913 734 2986 praedicaverunt
747 2912 860 2969 arundo.
1135 2921 1218 2977 quam
1230 2906 1297 2964 tides
1309 2907 1489 2977 credentium,
1501 2910 1566 2981 quia
1577 2912 1643 2967 dum
1654 2912 1690 2967 ad
1703 2912 1783 2969 fidem
1793 2912 1905 2987 palpant·

313 3022 324 3057 ι
350 3007 456 3065 Etcum
468 3008 519 3067 lroc
529 3008 654 3073 dixisset,
669 3007 788 3065 ostendit
799 3006 840 3063 eis
852 3013 988 3061 manusct
1000 3005 1083 3061 latus.
1135 2997 1255 3065 ducitur,
1282 3013 1376 3055 nostra
1393 3001 1511 3057 monstri
1527 3000 1580 3057 fide
1594 3002 1738 3059 solidatur,

288 3099 382 3158 Gasisi
406 3109 471 3159 sunt
486 3117 552 3173 erpo
566 3101 694 3172 discipuli
711 3100 770 3158 riso
794 3099 920 3156 Domino.
948 3098 1020 3155 Dixit
1042 3098 1083 3155 cis
1097 3136 1120 3167 μ
1174 3108 1184 3143 ι
1197 3088 1227 3146 ΕΙ
1241 3090 1369 3161 Ρθδῑᾱὶῡδ
1381 3093 1551 3149 ⁰0²⁰ilel¹¹¹¹¹
1560 3096 1772 3167 0¹'³¹⁵²dl⁵⁰lill¹¹¹
1780 3098 1835 3168 01⁰⁵
1845 3098 1905 3155 illul

289 3195 409 3253 iterum:
425 3194 482 3251 Pax
494 3196 582 3251 rolris.
601 3215 610 3248 r
631 3194 740 3250 iteratio
762 3192 935 3250 contii-matio
955 3200 1006 3248 cst.
1033 3191 1084 3248 llat
1097 3170 1121 3199 ⁰
1134 3184 1295 3273 ethomas
1306 3202 1368 3243 cum
1381 3188 1431 3257 eis,
1445 3189 1518 3245 reuit
1531 3187 1613 3247 lesus
1626 3192 1720 3262 januis
1731 3193 1835 3261 clrrrsis,
1845 3194 1907 3251 stetit

286 3300 382 3359 paoem
396 3288 470 3343 enim
485 3302 567 3358 super
581 3301 687 3357 pacem,
709 3287 782 3343 sient
802 3284 928 3355 promisit
949 3299 997 3354 per
1020 3300 1084 3355 pro·
1135 3280 1163 3335 in
1178 3278 1411 3347 medio,ctdirit:
1427 3279 1483 3337 Pax
1495 3282 1582 3339 robis.
1598 3280 1701 3341 Deinde
1712 3285 1778 3341 dixit
1787 3284 1885 3341 ibnmae
1899 3302 1906 3339 :

287 3377 409 3450 phetam.
423 3376 470 3435 tet
484 3376 677 3445 ideoiteratur,
691 3387 721 3432 ut
733 3383 867 3431 monstret
878 3375 1019 3447 pacificata
1035 3390 1083 3447 per
1135 3367 1206 3425 lrrler
1219 3370 1334 3441 digitum
1349 3378 1426 3427 tuum
1442 3370 1506 3439 lure,
1522 3381 1549 3430 rt
1563 3372 1625 3429 ride
1640 3390 1735 3431 manus
1746 3390 1823 3443 mcum
1834 3384 1858 3429 ct
1871 3373 1908 3429 al·

287 3485 370 3529 num
383 3470 543 3542 sanguinem
554 3484 616 3543 (μη
628 3470 654 3523 tn
667 3469 738 3525 coetn
750 3472 778 3527 a
794 3482 855 3539 qnae
869 3467 896 3522 in
911 3476 993 3523 serra,
1135 3457 1176 3517 ier
1192 3476 1303 3515 manum
1322 3469 1408 3530 tuam,
1426 3471 1454 3519 ct
1471 3464 1548 3519 mitte
1569 3463 1596 3519 in
1619 3464 1693 3521 latus
1708 3481 1802 3535 nisum,
1815 3474 1841 3520 ct
1857 3464 1908 3519 noli

326 3580 337 3615 r
356 3561 433 3619 Sicut
448 3561 525 3619 nrisit
536 3576 580 3617 me
594 3560 684 3627 Pater,
706 3569 733 3617 ct
747 3576 797 3633 ego
812 3560 891 3615 mitto
905 3575 963 3617 ros.
981 3578 992 3613 r
1007 3559 1084 3616 Sicut
1134 3569 1195 3611 esse
1208 3554 1364 3613 incredulus
1378 3557 1424 3613 scd
1439 3557 1537 3615 lrdclis.
1567 3577 1577 3611 r
1602 3558 1709 3637 Corpus
1722 3560 1822 3617 Domini
1834 3561 1908 3615 intra·

287 3655 366 3711 misit
387 3669 431 3709 mc
445 3653 526 3709 Pater
539 3650 610 3708 Deus
623 3651 720 3716 ileum.
732 3660 759 3709 ct
779 3668 830 3725 ego
844 3652 923 3707 mitto
936 3666 986 3708 ros
999 3652 1083 3710 boitro
1134 3645 1173 3700 rit
1195 3646 1228 3701 ad
1249 3647 1399 3719 discipulos
1413 3649 1507 3720 januis
1524 3650 1637 3719 clausis,
1652 3654 1726 3724 quod
1740 3669 1787 3724 pcr
1799 3653 1909 3709 nativita-

288 3746 426 3803 lromirres.
451 3743 532 3801 Pater
546 3744 663 3801 amattdo
677 3742 777 3799 Ftttum
792 3744 867 3801 misit
887 3760 950 3801 eum
974 3743 1042 3814 pati,
1058 3754 1084 3800 rt
1135 3746 1188 3793 tem
1214 3740 1309 3797 clauso
1323 3743 1389 3797 exiit
1409 3751 1486 3798 utero
1506 3741 1643 3815 Virginis:
1667 3744 1723 3802 Nec
1744 3746 1837 3801 mirum
1853 3746 1873 3799 si
1885 3745 1906 3799 ir

288 3834 423 3896 Dominus
439 3852 536 3904 amans
548 3837 688 3907 apostolos
701 3836 778 3893 misit
791 3851 849 3903 cos,
864 3852 918 3893 non
934 3835 969 3891 ad
987 3836 1082 3893 mnndi
1133 3840 1265 3889 aurnum
1282 3834 1405 3891 uicturus
1419 3836 1453 3891 ad
1468 3836 1619 3909 discipulos
1640 3838 1763 3905 intrarit,
1776 3840 1820 3909 eni
1842 3837 1908 3893 mori-

288 3929 430 4001 gaudium,
447 3930 494 3987 sod
510 3931 543 3985 ad
558 3929 725 3999 passionem.
743 3928 813 3985 blitti
836 3930 919 3985 ctiam
942 3928 1043 3983 lilium
1067 3944 1082 3983 a
1133 3931 1212 3979 turus
1227 3924 1322 3981 clauso
1338 3925 1458 3999 Virginis
1477 3936 1553 3984 utero
1572 3929 1666 3986 exirit.
1689 3929 1750 3987 lluo
1770 3930 1906 4001 mirajuxta

287 4018 457 4092 Patchuxta
482 4030 608 4077 naturam
633 4020 754 4081 diuinam
777 4029 867 4091 potest
890 4019 1014 4091 intelligi.
1043 4018 1083 4075 Eo
1134 4015 1282 4073 ltumarram
1309 4019 1442 4076 rationem
1461 4020 1513 4077 sibi
1537 4022 1616 4079 raldo
1637 4025 1775 4079 contraria
1795 4022 1907 4079 bantinus

288 4109 362 4169 enlm
380 4110 463 4167 modo
485 4126 502 4167 a
523 4109 604 4168 Patre
625 4109 646 4165 F
648 4111 713 4171 ilius
725 4110 843 4167 mittitur
857 4124 913 4181 quo
926 4118 1081 4181 perier-atur.
1133 4108 1261 4178 ostendit,
1284 4108 1348 4167 dum
1364 4119 1427 4183 post
1440 4116 1665 4171 resurrectionem
1679 4130 1780 4187 eorpus
1792 4114 1907 4171 suumin·

288 4199 318 4259 Si
340 4201 414 4259 cuitu
437 4200 549 4268 missio,
584 4200 757 4258 solummodo
787 4200 941 4257 incarnatio
973 4200 1084 4257 deberet
1133 4200 1309 4273 corruptibile
1320 4208 1348 4257 ct
1357 4202 1492 4273 palpabile
1502 4205 1713 4261 domonstravit.
1729 4204 1797 4262 liam
1815 4216 1840 4263 et
1856 4219 1906 4263 nor·

287 4292 411 4366 intelligi,
424 4292 594 4353 nullomodo
608 4292 726 4364 Spiritus
739 4301 852 4351 sanctus
865 4292 1004 4349 diceretur
1017 4292 1083 4349 mit·
1134 4290 1223 4365 rumpi
1249 4307 1362 4351 neccsse
1383 4304 1425 4350 est
1446 4294 1519 4366 quod
1544 4296 1681 4367 palpatur,
1696 4307 1724 4353 et
1747 4298 1846 4369 palpari
1863 4310 1906 4349 non

287 4384 320 4454 ti,
335 4386 383 4457 qui
398 4400 572 4458 nequaquam
587 4385 750 4450 incarnatus
760 4396 812 4443 est.
845 4383 898 4441 Sed
911 4385 972 4455 eius
986 4385 1082 4442 missio
1133 4390 1231 4453 potest,
1252 4384 1325 4455 quod
1339 4399 1394 4439 uon
1409 4385 1603 4456 corrumpitur.
1620 4387 1674 4443 Sed
1691 4389 1762 4448 miro
1777 4390 1852 4445 modo
1865 4386 1906 4441 llo

287 4473 348 4549 lpse
371 4477 513 4548 processio
533 4485 578 4533 cst
599 4491 615 4531 a
638 4473 719 4539 Patre
738 4486 766 4532 et
786 4475 865 4532 Filio.
893 4476 969 4533 Sicut
990 4478 1081 4547 itaque
1097 4474 1363 4564 „demptorrroster
1376 4492 1406 4533 se
1419 4479 1598 4535 ruorrstrurrdo
1625 4479 1854 4552 incorruptibilem
1869 4494 1907 4549 ap·

288 4566 408 4639 Spiritus
433 4567 504 4623 mitti
530 4567 632 4624 dicitur
652 4566 700 4639 qui
726 4567 857 4638 procedit,
872 4568 908 4623 ita
929 4565 1017 4623 Filius
1034 4568 1081 4639 qrri
1132 4568 1234 4639 paruit,
1251 4576 1281 4623 ut
1296 4584 1345 4625 nos
1363 4569 1489 4626 invitaret
1502 4570 1535 4625 ad
1550 4572 1704 4641 praemicm,
1717 4586 1745 4629 ct
1765 4571 1906 4645 palpabilem

286 4668 444 4730 generatur.
1133 4671 1162 4713 se
1179 4656 1295 4728 praebuit
1310 4666 1340 4713 nt
1353 4656 1485 4713 lornraret
1501 4658 1536 4713 ad
1557 4661 1648 4717 tidem.
1671 4660 1798 4717 llirirrum
1822 4660 1907 4717 lactum

324 4745 411 4804 illue
432 4762 496 4805 cum
512 4746 636 4812 dixisset,
654 4746 801 4803 insulllavit
820 4756 847 4802 et
862 4746 932 4803 dixit
944 4745 1007 4803 cis:
1028 4744 1082 4801 Ac·
1131 4761 1188 4801 nort
1212 4756 1256 4804 cst
1279 4748 1403 4804 mirabile
1425 4750 1553 4817 multum,
1576 4751 1600 4805 si
1619 4752 1726 4809 ratione
1752 4754 1811 4825 capi
1830 4762 1907 4824 queat,

287 4838 370 4908 cipite
395 4836 528 4909 Spiritum
541 4847 678 4895 sarnetum.
703 4838 825 4906 Quorum
841 4839 1003 4895 remiseritis
1018 4854 1081 4911 pec·
1132 4846 1180 4906 εει
1199 4840 1306 4895 ratione
1320 4840 1441 4913 probari.
1466 4838 1529 4899 llaec
1544 4842 1607 4899 fidei
1623 4844 1730 4901 meritis
1746 4854 1789 4902 est
1804 4857 1908 4916 congrus

286 4938 347 4985 cata
361 4930 537 4988 remittuntur
551 4931 603 4999 eis,
616 4939 644 4986 et
663 4946 780 5003 quorum
795 4930 962 4987 retinueritis
975 4939 1079 4987 retenta
1130 4930 1173 4986 ris
1184 4932 1308 4989 rationis.

287 5029 362 5078 suut.
381 5040 391 5073 r
416 5020 581 5078 insufflando
605 5023 769 5095 significarit
794 5021 925 5092 Spiritum
953 5032 1079 5079 sanetum
1169 5043 1178 5075 r
1198 5022 1348 5095 Respondit
1362 5024 1483 5082 Thomas
1502 5038 1530 5085 et
1549 5026 1618 5085 dls't
1635 5028 1660 5085 ci
1676 5049 1683 5086 :
1699 5026 1831 5087 Mminus
1846 5044 1910 5084 meus

286 5128 342 5170 non
366 5111 455 5169 Patris
476 5114 563 5171 solius
576 5130 637 5171 esse
652 5114 784 5187 Spiritum
800 5115 848 5171 sed
862 5124 890 5171 ct
911 5131 1003 5173 suum.
1029 5114 1080 5171 Ec·
1130 5121 1158 5169 et
1177 5113 1248 5171 llerrs
1271 5132 1359 5173 ursus.
1380 5116 1521 5176 allidebat
1534 5121 1674 5177 bominem
1701 5132 1730 5180 et
1751 5125 1872 5197 tangebat
1889 5130 1910 5175 ct

285 5203 377 5259 etesia
398 5204 516 5261 ctraritas
531 5221 592 5279 quac
605 5221 654 5279 per
668 5204 799 5277 Spiritum
815 5215 938 5263 sanctum
953 5208 1034 5262 datur
1052 5206 1079 5262 in
1130 5206 1311 5263 connitebatur
1324 5203 1421 5278 Ileur'at,
1432 5226 1513 5282 quem
1528 5228 1584 5268 non
1598 5215 1706 5270 ridebat
1718 5232 1806 5288 neque
1828 5226 1911 5284 tange

285 5294 415 5352 cordibus
438 5298 540 5354 nostris
554 5299 717 5370 participum
731 5313 844 5355 suorum
860 5308 972 5369 peccata
987 5300 1080 5355 dimit-
1130 5296 1186 5354 bat.
1211 5297 1283 5355 llicit
1296 5299 1322 5355 ei
1337 5298 1435 5357 lesus:
1450 5321 1460 5353 r
1480 5301 1550 5369 Quia
1571 5304 1663 5361 uidisti
1684 5322 1729 5363 me
1743 5305 1908 5364 credidisti.»

285 5384 327 5452 tit,
338 5398 433 5448 corum
443 5396 547 5455 autem,
557 5389 604 5459 qni
615 5403 670 5444 nou
682 5396 747 5445 sunt
756 5387 817 5458 ejus
828 5389 986 5461 participes,
994 5398 1078 5449 tenet.
1128 5390 1210 5447 trinu
1233 5390 1301 5449 vidit
1321 5401 1348 5447 et
1375 5393 1448 5449 aliud
1473 5395 1609 5452 credidit:
1626 5397 1765 5454 bominem
1789 5400 1865 5467 vidit,
1889 5406 1911 5449 rt

283 5473 320 5533 tta
334 5476 396 5533 idco
416 5488 510 5549 postea
527 5495 609 5549 qnam
624 5479 703 5547 dixit,
725 5480 846 5552 Accipite
868 5480 998 5552 Spiritum
1015 5496 1079 5537 san·
1129 5480 1214 5538 ileum
1227 5483 1370 5540 consessus
1383 5492 1435 5539 est.
1447 5482 1507 5540 Non
1520 5487 1558 5541 ait
1575 5488 1698 5561 tetigisti,
1708 5490 1756 5545 scd
1773 5488 1908 5555 «vidistin

283 5576 371 5637 ctum,
387 5570 518 5625 continuo
534 5572 568 5625 de
584 5578 758 5643 peccatorum
772 5573 934 5631 remissione
945 5590 977 5631 ac
987 5583 1078 5631 rctcn·
1130 5574 1195 5647 quia
1221 5574 1357 5649 generalis
1384 5577 1503 5650 quodam
1531 5578 1614 5635 morlo
1637 5598 1736 5637 sensus
1759 5591 1801 5639 est
1827 5584 1909 5645 risum

284 5660 388 5715 tatione
407 5660 534 5730 subjecit.
559 5660 588 5717 lu
605 5672 676 5719 terra
688 5664 789 5735 quippe
804 5666 884 5723 datur
905 5666 1035 5741 Spiritus,
1048 5676 1079 5724 ut
1113 5682 1193 5722 nam
1208 5682 1257 5739 per
1272 5668 1342 5724 alios
1359 5678 1477 5740 quatuor
1496 5671 1634 5728 nominari
1661 5674 1730 5731 solet
1750 5682 1780 5731 nt
1799 5688 1863 5729 cum
1877 5670 1910 5727 di·

286 5750 694 5824 dmparurprorimumecoeto
706 5767 840 5813 autemut
851 5756 979 5831 diligatur
993 5758 1075 5817 licus.
1129 5758 1321 5817 cimnssdudi
1337 5769 1365 5817 ct
1387 5761 1458 5831 ride,
1473 5778 1556 5837 quatu
1578 5763 1647 5823 bene
1667 5775 1756 5835 sonet,
1778 5763 1867 5833 tiliae,
1891 5772 1914 5818 rt
