4017 6342
272 316 325 374 765
857 306 1020 363 tvemveltl
1039 304 1187 363 leontis
1207 306 1235 363 S.
1256 304 1367 363 otasu
1841 317 1881 375 itt

271 428 440 501 gubernante
452 427 612 483 festinemus
631 424 743 478 intrare.
765 420 800 475 St
817 420 840 475 si
860 419 934 491 quod
950 424 977 473 ltt
991 418 1067 473 navi·
1081 424 1104 483 Α
1120 418 1171 474 Serl
1186 416 1254 473 torte
1266 418 1376 490 quando
1391 424 1552 491 getteralitct
1562 431 1658 477 omnes
1670 436 1702 477 ao
1720 421 1882 493 penitentiam

271 520 335 575 eola
356 520 454 576 animae
476 527 578 571 nostrae
603 514 697 569 multis
717 511 926 581 tempestatibus
942 518 1065 579 peccato
1116 524 1308 581 provocamus.
1332 510 1430 581 aliquis
1455 512 1525 567 iuter
1552 529 1582 568 se
1603 513 1704 585 cogitat
1724 514 1882 595 diomeden

271 626 346 676 rum,
361 604 633 678 autpersuperhiam
657 604 786 668 lraetum,
801 612 849 659 aut
860 618 907 674 per
920 604 1064 659 avaritiam
1114 602 1222 672 juvenis
1249 601 1330 659 homo
1354 617 1466 658 uxorem
1493 603 1607 670 hahens,
1634 606 1774 675 quomodo
1792 623 1884 677 passum
1984 654 1985 663 ,

272 708 394 770 ruptum,
406 706 453 753 aut
470 712 519 767 per
531 696 668 750 luxuriam
682 694 833 751 resolutum
847 710 909 751 esse
925 694 1066 766 cognosci·
1116 703 1164 751 aut
1174 694 1287 765 capillos
1302 696 1435 763 minuere,
1455 706 1503 751 aut
1525 697 1647 753 habitum
1668 698 1803 769 religionis
1822 718 1885 761 assu-

271 806 345 856 mus,
358 802 513 859 conponere
527 788 710 859 rclreparare
720 786 939 857 honisoperihus
953 785 1065 843 lestine-
1116 786 1215 841 merel
1232 782 1295 841 *Neo
1316 801 1368 841 ttos
1388 786 1441 842 hoc
1468 785 1595 851 dicimus,
1617 786 1719 845 iratres
1740 789 1884 862 charissimi,

217 884 221 890 '
270 896 344 935 ntus.
353 878 517 936 Studeamus
522 880 1063 951 jugitervitiorumexhauriresentinam.
1116 894 1171 934 non
1182 879 1235 934 hoc
1245 879 1434 950 predicamus,
1453 892 1483 935 nt
1502 880 1628 951 juvenes,
1652 880 1700 952 qui
1716 882 1885 955 conjugesla·

269 970 652 1042 Nonenimpeccatanoeent
670 971 820 1043 praeterita,
835 971 859 1028 si
874 986 930 1025 non
945 970 1063 1042 placent.
1115 970 1181 1027 here
1204 971 1339 1039 vitientur,
1353 972 1475 1027 habitum
1490 973 1577 1045 magis
1591 988 1675 1043 quam
1691 975 1887 1035 moresdeheant
1984 988 1985 1053 q

271 1061 348 1117 Sicut
360 1063 433 1118 euim
455 1064 523 1119 nulli
541 1064 681 1135 justorum
703 1063 804 1119 sullicit
824 1063 948 1134 justitia,
971 1063 996 1119 si
1010 1079 1065 1119 nott
1117 1071 1296 1120 commutare.
1311 1064 1388 1131 Quod
1402 1065 1473 1121 enim
1487 1065 1592 1121 homini
1608 1081 1721 1121 uxorem
1739 1066 1837 1123 innitenti
1849 1088 1886 1127 no·
1984 1078 1985 1141 l

269 1158 484 1224 perseveraverit
505 1157 631 1227 usquein
648 1156 742 1223 llnem,
752 1156 792 1211 ita
805 1156 873 1211 nulli
890 1164 1065 1226 peccatorum
1117 1162 1169 1220 oet,
1185 1153 1208 1209 si
1224 1168 1253 1209 se
1267 1154 1384 1210 voluerit
1396 1156 1433 1210 ad
1445 1171 1528 1227 opera
1550 1154 1621 1212 hotta
1644 1156 1685 1212 rel
1714 1157 1822 1214 honesta
1837 1176 1887 1217 eon-

269 1258 370 1301 nocere
383 1247 483 1316 poterit
494 1247 626 1317 iniquitas
638 1262 698 1313 sua,
711 1247 734 1303 si
746 1256 892 1317 auteqmun
904 1247 938 1303 dc
948 1262 1066 1318 corpore
1116 1252 1232 1309 vertere,
1240 1245 1263 1301 si
1278 1254 1452 1315 peccatorum
1466 1260 1579 1301 suorum
1591 1246 1705 1302 vulnera
1719 1246 1886 1321 eleemosynis,

270 1335 326 1391 isto
348 1338 471 1393 discedat
492 1339 527 1395 ad
555 1340 791 1410 eleemosynarum
816 1339 948 1406 remedia,
970 1338 1066 1394 velud
1115 1337 1237 1408 jejuniis,
1253 1348 1279 1393 et
1291 1338 1468 1394 orationihus
1481 1340 1514 1394 ad
1534 1339 1678 1399 sattitatem
1696 1339 1831 1410 pristinam
1842 1352 1888 1401 sto·

268 1430 439 1499 poenitentia
446 1432 642 1488 medicamenta
650 1431 812 1503 contugerit.
821 1430 875 1487 Sed
884 1430 1066 1502 quiaquando
1117 1430 1180 1486 dcat
1193 1443 1333 1487 revocare.
1349 1429 1417 1485 Vera
1432 1432 1505 1485 ertim
1521 1431 1666 1487 conversio
1687 1431 1748 1486 sine
1769 1434 1889 1490 testhnea-

270 1522 1066 1595 tclquattoradeltocsaeealorapiamur,seirettonpossu-
1118 1528 1208 1577 torum
1232 1521 1445 1577 commutatione
1466 1520 1564 1579 suffieit
1580 1522 1643 1578 sihi.
1668 1521 1827 1579 Vestimenta
1840 1526 1891 1580 reli-

272 1626 347 1677 mus,
366 1613 426 1667 sine
436 1614 491 1669 nlla
506 1614 637 1669 dilatione
651 1615 693 1669 rel
705 1628 782 1669 mora
800 1612 835 1670 de
846 1613 957 1670 sinistra
972 1613 1067 1683 lugete
1118 1613 1193 1683 piosa
1218 1614 1277 1669 sine
1303 1612 1383 1669 honis
1410 1612 1539 1684 operibus
1567 1628 1622 1669 nott
1642 1614 1733 1669 solum
1764 1616 1889 1671 remedium

271 1699 435 1759 festinemus
456 1704 491 1759 ad
516 1705 668 1759 dexteram.
692 1702 749 1760 lloc
774 1704 886 1760 sanitati
899 1704 1065 1760 credendum
1120 1704 1287 1761 ltaherenon
1306 1712 1444 1775 poterunt,
1461 1706 1509 1761 sed
1533 1706 1615 1761 etiam
1639 1706 1747 1777 iustum
1774 1704 1814 1761 llei
1830 1709 1892 1776 judi·

270 1803 325 1859 est,
340 1810 394 1849 uon
407 1796 490 1850 aetati.
502 1794 532 1849 ln
545 1796 695 1852 remedium
713 1796 810 1851 salutis
821 1810 879 1851 suae
899 1810 1007 1866 semper
1018 1810 1066 1865 pa·
1082 1774 1103 1835 Β
1117 1797 1189 1852 cium
1214 1798 1402 1853 sustinebunt.
1419 1796 1620 1853 Convertamur
1641 1814 1708 1869 ergo
1729 1798 1763 1853 ad
1788 1799 1890 1867 meliora,

269 1895 348 1941 ratus
371 1887 416 1952 sit,
442 1889 488 1957 qui
509 1890 572 1944 ritae
593 1904 650 1943 sum
668 1903 777 1958 semper
794 1888 917 1946 incertus
930 1897 982 1956 est,
998 1888 1065 1959 quia
1119 1890 1183 1945 dum
1197 1890 1225 1945 in
1238 1900 1329 1946 nostra
1344 1898 1550 1961 sutttpotestate
1562 1890 1692 1945 remedia.
1700 1888 1753 1945 llic
1763 1890 1892 1961 exstingue

269 1980 319 2049 qui
340 1994 391 2035 nos
408 1994 521 2036 securos
544 1979 754 2048 iecitdoeentlo,
773 1979 921 2037 «Peccator
944 1982 973 2036 itt
997 1994 1066 2051 qua·
1119 1997 1181 2037 mus
1203 1991 1318 2037 mortem
1347 1983 1491 2038 moriendo
1522 1982 1722 2054 peccatis:hic
1746 1982 1823 2037 vitam
1842 1984 1892 2039 rite

269 2083 380 2140 cunque
390 2069 435 2125 die
446 2086 595 2126 conversus
611 2070 704 2137 luerit,
719 2086 818 2127 omnes
832 2071 992 2141 iniquitates
1005 2070 1066 2141 ejus
1120 2072 1226 2129 meritis
1241 2074 1430 2144 aequiramus.
1447 2072 1499 2129 Per
1518 2072 1664 2129 dominum
1680 2081 1805 2129 nostrum
1817 2072 1893 2130 lesum

270 2160 667 2232 ohliviottitradenturlheeeh.
682 2162 788 2233 xvttt),t
804 2163 955 2233 ipscetiatn
970 2170 1068 2217 cautos
1121 2162 1259 2221 Christum
1279 2164 1377 2220 Filium
1389 2165 1437 2221 llei
1458 2166 1628 2237 unigenitum
1645 2167 1693 2236 qui
1711 2181 1775 2223 cum
1795 2166 1893 2236 ingenito

269 2266 333 2307 esse
347 2252 433 2307 voluit
445 2253 560 2309 dicens:
576 2272 586 2305 ι
600 2252 689 2311 Nolite
702 2256 810 2311 tardare
823 2254 946 2311 contorti
961 2256 994 2309 al
1011 2254 1067 2309 llo-
1121 2252 1201 2311 Patre
1225 2264 1253 2311 et
1278 2254 1382 2327 Spiritu
1409 2265 1505 2317 saneto
1524 2256 1591 2312 vivit
1608 2266 1635 2314 et
1653 2267 1753 2331 regnat
1777 2256 1839 2315 Deus
1855 2272 1893 2328 per
1986 2278 1987 2295 ι

270 2344 388 2412 minum,
408 2360 459 2402 aec
480 2343 613 2403 differatis
629 2347 663 2403 de
682 2346 727 2403 die
748 2347 775 2403 in
796 2347 868 2404 diem
893 2346 990 2419 (Ereti.
1004 2346 1065 2419 vlt
1122 2347 1214 2402 omnia
1227 2347 1326 2404 secula
1339 2346 1512 2405 saeculorum.
1524 2349 1623 2405 Amen.

576 2628 639 2717 ΙΝ
675 2627 912 2720 VlGlLlA
948 2625 1338 2719 Nlttvtttlts
1375 2625 1620 2719 ιΒΟΜΙΝΙ.

890 2819 1072 2881 Secundum
1090 2821 1288 2885 llattheaum.

311 3002 322 3037 r
337 2983 367 3039 ln
384 2984 432 3039 illo
447 2992 569 3053 temporo
587 3001 594 3037 :
609 2981 680 3038 Cum
701 2988 777 3037 esset
791 2981 957 3053 desponsata
983 2990 1104 3046 matesc
1122 2984 1225 3041 hahens
1238 2986 1271 3041 de
1287 2984 1389 3057 Spiritu
1406 2994 1512 3043 sancto.
1532 2985 1674 3057 Siquidem
1691 2995 1847 3049 ,memorato
1857 3002 1897 3044 or-

272 3074 337 3131 lcsu
353 3074 437 3130 llaria
459 3072 570 3145 loseph,
584 3083 730 3145 antequam
746 3075 933 3139 conuenirent,
958 3076 1068 3132 inventa
1119 3076 1192 3141 dine,
1213 3086 1308 3146 postea
1333 3086 1521 3133 convenerunt
1538 3078 1649 3148 quando
1674 3076 1775 3150 ioseph
1796 3079 1899 3151 adpre·

271 3168 355 3223 estin
371 3165 613 3221 uteroltahettsde
634 3164 739 3236 Spiritu
769 3174 866 3223 sancto
885 3166 993 3239 (llcttlt.
1009 3170 1066 3239 tl.»
1120 3176 1228 3237 ceptum
1254 3169 1343 3239 angeli
1369 3170 1474 3239 aceepit
1497 3169 1642 3242 coniugem
1668 3186 1765 3240 suam;
1787 3171 1832 3227 sed
1852 3186 1898 3225 nott
1987 3174 1988 3249 l

309 3254 379 3311 Cum
392 3256 562 3311 nativitatem
576 3255 686 3310 Domini
698 3265 724 3311 et
740 3254 891 3312 salvatoris
901 3260 990 3313 nostri
1002 3257 1067 3315 lesu
1119 3260 1318 3326 eoneuhchattt,
1342 3261 1406 3331 qnia
1422 3260 1568 3331 sequitur:
1586 3280 1595 3314 t
1611 3261 1645 3316 Et
1660 3278 1715 3318 nott
1730 3262 1900 3335 cognoscebat
1987 3250 1988 3343 l

272 3346 376 3403 Christi
389 3362 443 3417 qua
456 3360 576 3403 aeternos
592 3357 655 3403 ante
667 3348 767 3403 steettla
785 3347 832 3403 llci
846 3348 932 3404 Filius
949 3349 1068 3407 hontittis
1118 3366 1211 3405 eamr
1987 3358 1988 3365 ’

273 3454 307 3494 ex
328 3447 449 3509 tempore
466 3440 538 3495 tilius
558 3440 704 3510 apparuit,
726 3438 870 3495 Matthaeus
890 3442 1066 3509 euangelista,
1156 3443 1294 3501 tlttvettta
1319 3454 1361 3501 est
1377 3454 1470 3503 aulem
1497 3446 1524 3501 in
1551 3455 1629 3503 utero
1644 3448 1748 3503 hahens
1761 3468 1778 3501 t
1798 3464 1813 3503 a
1836 3447 1903 3503 nullo

272 3531 349 3585 hreri
365 3530 474 3599 quidem
490 3544 629 3594 sermone,
648 3530 698 3584 sed
719 3530 754 3585 alt
773 3530 913 3585 Abraham
930 3548 1018 3603 osque
1033 3534 1066 3589 al
1118 3536 1259 3606 alioqttant
1272 3536 1457 3609 aloseph,qul
1471 3538 1580 3594 licentia
1596 3539 1717 3595 maritali
1731 3537 1831 3595 laturas
1841 3552 1901 3592 uta

273 3620 375 3690 loseph
394 3621 484 3675 virum
508 3621 600 3676 llarire
626 3620 809 3691 perduxisset,
822 3638 972 3693 omnesque
994 3640 1068 3680 eont-
1119 3630 1156 3684 ris
1172 3644 1239 3698 pene
1252 3630 1344 3684 omnia
1355 3640 1477 3686 nouerat.
1493 3628 1555 3685 ldeo
1568 3638 1718 3686 tumentem
1730 3630 1793 3699 ejus
1807 3638 1903 3685 uterum

274 3710 351 3764 muni
367 3710 493 3766 humanae
508 3712 671 3767 conditionis
693 3713 788 3769 ordittc
808 3714 914 3784 genitos
938 3715 1020 3771 simul
1040 3726 1067 3773 et
1118 3738 1181 3776 tttox
1197 3722 1307 3777 curioso
1321 3722 1500 3793 deprehendit
1510 3724 1622 3777 intuitu.
1641 3722 1796 3793 Sequitur:

274 3810 435 3871 generantes
471 3804 645 3870 ostendisset,
668 3821 731 3861 mot
763 3807 797 3863 de
831 3808 890 3878 ipsa
925 3810 1067 3868 locuturos
1152 3811 1253 3881 loseph
1269 3822 1360 3869 autem
1375 3814 1503 3885 virejus,
1519 3814 1775 3884 euntessctiustus
1790 3812 1907 3869 einollet

274 3898 407 3959 quantum
422 3892 482 3961 eius
494 3896 638 3963 generatio
657 3910 673 3949 a
692 3898 798 3954 caeteris
810 3898 925 3955 distaret
947 3903 1064 3971 aperuit,
1117 3918 1177 3959 cam
1207 3905 1359 3971 traducere,
1385 3906 1473 3961 voluit
1500 3906 1607 3962 occulte
1634 3906 1777 3963 dimittere
1808 3921 1902 3961 cauus

274 3983 339 4053 quia
353 3983 479 4039 videlicet
501 3987 592 4041 ceteri
615 4002 663 4057 per
686 3989 908 4058 conjunctionem
932 3996 1016 4050 mat-is
1039 4003 1067 4050 et
1118 3994 1218 4052 Videtis
1228 3995 1327 4067 loseph
1341 4012 1469 4068 sponsam
1480 3999 1639 4068 concepisse
1651 4014 1833 4069 suam,quam
1844 3998 1907 4051 ltctte

274 4074 384 4131 tentate
406 4077 524 4143 solitam,
549 4078 606 4147 ipse
630 4088 721 4135 autem
749 4096 797 4150 per
812 4083 957 4153 virginem,
972 4095 1066 4157 utpote
1117 4098 1231 4143 ttoretat
1246 4103 1262 4143 a
1277 4089 1353 4143 nullo
1363 4092 1424 4145 viro
1439 4090 1525 4145 luisse
1539 4098 1682 4157 attactam,
1693 4105 1756 4146 cum
1767 4097 1839 4145 esset
1852 4088 1906 4157 jus·

274 4166 321 4221 llci
334 4166 420 4223 Filius
436 4179 597 4224 nasceretur
611 4170 639 4224 in
659 4172 803 4227 muudum.
815 4171 848 4227 Et
860 4175 971 4244 quidem
985 4178 1065 4234 tlece·
1118 4186 1171 4245 tus,
1186 4188 1213 4236 et
1231 4180 1305 4250 juste
1320 4182 1414 4235 omnia
1425 4182 1506 4237 vellet
1521 4196 1611 4251 agere,
1625 4181 1761 4251 optimum
1776 4180 1866 4245 duxit,
1879 4187 1910 4231 ut

273 4260 321 4314 hat
342 4261 517 4328 omnimodis,
546 4268 577 4315 nt
598 4278 661 4318 cum
683 4262 756 4319 Deus
776 4264 859 4321 ltomo
881 4276 993 4337 propter
1015 4269 1065 4323 lto·
1116 4286 1204 4340 neque
1233 4272 1285 4327 ltoc
1309 4270 1371 4327 aliis
1394 4274 1530 4341 proderet,
1562 4288 1651 4342 neque
1678 4272 1737 4342 ipse
1760 4285 1823 4325 eam
1841 4268 1910 4323 acci-2

273 4352 361 4407 mittes
373 4351 432 4407 lieri
445 4352 532 4421 vellet,
543 4368 598 4409 nott
609 4368 643 4409 ex
655 4356 708 4411 alia
721 4371 805 4425 quam
815 4358 960 4430 derirqitte
971 4376 1068 4417 nasce·
1082 4350 1104 4406 D
1120 4370 1195 4433 peret
1211 4376 1337 4431 uxorem,
1353 4364 1401 4419 sed
1424 4372 1529 4419 mutato
1544 4364 1650 4420 occulte
1667 4364 1827 4433 nuptiarum
1849 4372 1910 4430 pro-

273 4451 359 4511 retur,
381 4456 410 4501 et
432 4460 495 4501 eunt
507 4447 641 4517 virginem
665 4464 797 4519 generare
813 4453 994 4525 contingeret,
1009 4471 1079 4511 uon.
1119 4455 1208 4525 posito
1221 4454 1247 4509 in
1261 4455 1416 4511 conditione
1423 4472 1482 4511 eam
1496 4472 1625 4526 sponsam
1640 4471 1753 4511 manere
1762 4461 1910 4525 pateretur,

273 4538 357 4593 alium
372 4555 454 4609 quam
466 4539 594 4613 quitteus
606 4549 679 4597 essct
691 4544 776 4599 lilium
788 4560 958 4614 procuraret.
1118 4556 1148 4602 ut
1163 4556 1231 4603 crat.
1261 4546 1330 4603 Natn
1348 4555 1377 4603 et
1398 4548 1425 4603 itt
1440 4547 1511 4604 lsaia
1525 4548 1629 4619 legerat
1642 4548 1775 4619 virginem
1787 4544 1912 4601 dedomo

312 4630 494 4700 «comesset,
506 4635 604 4704 inquit,
616 4636 780 4705 desponsata
796 4648 884 4695 mater
900 4638 964 4696 lesu
979 4640 1064 4695 llarla
1118 4635 1203 4693 David
1217 4653 1278 4693 esse
1290 4646 1483 4707 concepturam
1500 4646 1528 4693 et
1543 4638 1695 4710 parituram
1709 4636 1872 4703 Durninum,
1882 4636 1915 4688 de

273 4718 385 4792 loseph,
398 4730 544 4792 autequam
560 4727 747 4793 convenirent,
762 4728 870 4785 inventa
884 4741 927 4787 est
941 4732 969 4787 itt
985 4742 1065 4788 utero
1117 4746 1172 4800 qua
1198 4732 1281 4785 etiam
1306 4730 1387 4786 domo
1411 4738 1524 4785 noverat
1549 4745 1635 4800 genus
1650 4730 1762 4785 duxisse
1787 4726 1916 4791 ldariam,

275 4806 379 4866 habeus
399 4811 433 4867 de
445 4812 547 4882 Spiritu
572 4826 700 4872 sanctor
719 4822 780 4885 Quo
802 4819 899 4876 ordine
914 4823 1066 4893 relinqua
1118 4829 1200 4889 atque
1219 4820 1280 4875 idco
1303 4836 1357 4876 nott
1380 4821 1554 4877 discredebat
1579 4821 1606 4875 in
1628 4835 1660 4876 ea
1682 4819 1832 4891 prophetia
1850 4819 1919 4871 hatte

274 4901 384 4957 civitate
406 4905 442 4958 sit
458 4908 594 4963 celebrata
612 4913 766 4981 conceptio,
788 4912 879 4970 Lucas
896 4915 1066 4985 evangelista
1119 4908 1204 4965 luisse
1215 4911 1388 4981 cotttpletam.
1402 4911 1455 4966 Sed
1472 4913 1511 4968 sic
1527 4926 1587 4966 cam
1602 4911 1691 4967 voluit
1703 4910 1813 4967 occulte
1827 4907 1918 4963 dimit·

274 4993 439 5051 sufficienter
451 5001 570 5068 exponit.
585 5001 638 5058 Sed
657 5006 722 5074 quia
734 5014 833 5061 vestra
845 5008 983 5063 sanctitati
1001 5022 1067 5062 con·
1118 5008 1185 5067 tere,
1206 5010 1236 5056 ut
1259 5018 1349 5073 neque
1371 5004 1506 5073 acciperet
1522 5004 1679 5075 conjugem,
1698 5012 1727 5058 et
1746 5001 1795 5057 illa
1816 5013 1921 5071 sponsa

274 5094 330 5145 stat
342 5104 404 5145 esse
423 5092 607 5162 notissimum,
623 5097 768 5153 utentum
785 5099 882 5168 paucis
897 5098 932 5153 de
954 5099 999 5155 ms
1015 5100 1067 5155 erit
1117 5102 1234 5164 pareret.
1249 5092 1383 5151 Nimirum
1402 5096 1481 5165 petrei
1496 5103 1589 5151 essent
1604 5097 1652 5168 qui
1664 5112 1725 5153 eam
1738 5094 1882 5164 virginem
1895 5098 1921 5145 0⁸

274 5196 336 5251 quae
351 5180 494 5238 Mattheus
517 5185 786 5243 scriniullotanuum
807 5188 834 5243 in
846 5190 1018 5260 primisquta
1036 5192 1066 5245 in
1118 5198 1173 5238 non
1191 5184 1283 5253 potius
1309 5191 1485 5238 arrtumarem
1503 5199 1564 5240 esse
1578 5185 1759 5239 meretricem·
1775 5180 1866 5237 Unde
1879 5196 1924 5237 re-

274 5271 392 5342 eoquod
407 5272 446 5326 ait
461 5282 625 5343 «antequam
639 5276 834 5331 eontenirmttt
854 5279 939 5334 verbo
964 5294 1066 5335 conre-
1117 5284 1198 5346 pente
1219 5274 1365 5331 consilinm
1391 5274 1492 5347 loseph
1517 5276 1633 5331 consiliu
1649 5275 1759 5331 meliore
1776 5281 1922 5335 mutatur,

274 5363 367 5418 niendi
381 5380 436 5419 non
453 5364 542 5434 ipsum
556 5367 744 5433 concultitattt,
764 5367 812 5421 sed
831 5369 989 5438 nuptiarum
1004 5384 1067 5440 quae
1118 5376 1149 5423 ut
1162 5366 1286 5423 uidelicet
1297 5368 1330 5423 ad
1340 5367 1770 5431 cottservandamllariaelamam
1781 5367 1851 5437 ipse
1864 5379 1929 5419 eant

274 5456 427 5525 praecedere
447 5457 536 5512 solent
560 5465 678 5527 tempus,
694 5457 833 5513 insinnare
857 5460 943 5515 soluit
956 5460 1067 5532 quando
1118 5458 1254 5515 celebrato
1275 5460 1432 5529 nuptiarum
1445 5460 1572 5517 convivio
1594 5462 1738 5531 conjugem
1759 5458 1925 5527 acciperet,

274 5562 305 5601 ea
320 5564 382 5618 qme
397 5548 472 5617 prius
486 5548 939 5623 desponsataitteratessecoujux
958 5552 1065 5623 incipit.
1118 5549 1165 5606 setl
1194 5558 1298 5605 castam
1330 5562 1461 5621 perpetuo
1490 5550 1650 5606 custodiret.
1678 5548 1771 5605 llaluit
1796 5559 1932 5615 namque

274 5637 346 5711 Ergo
359 5648 505 5709 antequam
518 5639 697 5697 convenirent
715 5641 781 5698 dicit
795 5652 941 5715 antequam
957 5644 1067 5713 nuptia·
1119 5638 1252 5697 Dominus
1266 5641 1372 5712 aliquos
1388 5642 1497 5697 modum
1515 5658 1572 5697 suae
1584 5642 1764 5713 generationis
1784 5640 1931 5709 ignorare

276 5742 338 5782 runt
354 5729 485 5785 solentnia
498 5730 549 5785 rite
563 5730 741 5789 celebrarent.
757 5732 867 5799 intenta
883 5742 925 5801 est
939 5734 966 5797 itt
986 5744 1066 5797 tuero
1118 5746 1201 5801 quam
1216 5732 1368 5793 castitatem
1384 5734 1515 5791 ittlamare
1529 5730 1683 5793 Genitrie'ts.
1694 5732 1755 5787 llam
1765 5730 1934 5801 sequitutt
