4017 6342
116 283 190 339 tuse

586 280 895 358 outlbbautortus
915 290 966 347 SS.
985 292 1144 351 Patdbtt.
1164 325 1198 336 -
1218 294 1283 350 ltu.
1307 293 1340 353 ΙΙ.

1711 294 1783 351 tuae

121 406 206 462 alona.
226 403 364 467 ilomruus
376 414 465 487 itaque
477 424 630 477 miserator
644 418 670 467 et
679 408 860 480 misericors,
874 412 934 466 lon·
948 413 972 471 Α
986 409 1132 483 intelligas.
1147 410 1180 467 Ει
1191 428 1246 468 non
1260 414 1350 467 solum
1364 409 1449 483 lloysi
1460 418 1488 464 et
1498 408 1559 465 alssis
1572 406 1636 465 lecit
1645 410 1703 466 vias
1716 427 1783 469 suas

126 496 245 573 ganimis
254 508 283 555 et
298 502 420 561 multum
445 509 607 567 misericors
629 500 715 580 (Pull-
732 506 799 569 0¹¹)-
819 502 879 574 ¹9³0
896 500 935 556 fe·

131 594 170 653 cit
188 600 269 649 nutas
284 592 345 651 vias
362 611 439 665 suas,
452 600 673 659 miscricordiam
688 594 797 652 scilicet
816 603 844 650 et
862 593 936 665 judi-

133 690 220 754 cium,
232 701 282 757 per
296 702 368 757 quas
382 688 441 759 ipse
456 690 489 745 ad
504 706 557 749 uos
579 692 667 758 venit,
690 697 715 744 et
739 704 791 745 nos
809 686 842 742 ad
860 700 934 752 eum,

134 780 232 855 Mopsi.
247 776 299 834 Per
313 776 426 851 Moysen
443 780 610 854 intelligendi
624 789 690 838 sunt
700 795 797 835 omnes
812 776 934 849 perlecti,

136 874 187 931 sed
198 873 260 928 ideo
274 886 337 927 eum
352 873 445 943 potius
457 874 544 943 ponit,
561 874 626 944 quia
650 889 699 944 per
709 886 771 926 eum
785 871 870 941 legem
887 868 936 925 de-

135 966 188 1034 dit,
217 963 246 1019 in
272 978 328 1034 qua
351 963 411 1035 lege
444 964 507 1019 data
539 979 668 1035 maguum
700 960 860 1034 mysterium
883 966 935 1015 est.

986 511 1081 570 notas;
1096 504 1144 561 sed
1158 514 1185 559 et
1196 506 1278 559 etiam
1293 504 1357 559 liliis
1372 502 1465 570 lsrael,
1478 502 1557 558 idest
1571 502 1784 574 quibuscunque

986 596 1142 653 mineribus
1153 612 1227 651 nunc
1237 596 1392 651 ridentibus
1406 594 1492 651 lirum
1507 594 1569 660 lide,
1585 595 1694 651 medem
1705 596 1784 651 visu·

987 688 1026 744 ris
1039 689 1139 759 specie.
1159 687 1235 744 Fecit
1247 697 1327 743 notas
1341 688 1496 743 voluntates
1513 702 1589 743 suas.
1606 686 1664 743 lloc
1677 696 1719 744 est
1732 704 1783 743 an-

986 784 1041 833 tem
1054 778 1182 833 voluutas
1197 793 1257 846 sua,
1271 786 1301 833 ut
1325 793 1376 834 nos
1401 779 1575 834 attendamus
1602 778 1781 849 multiplicem

986 878 1110 925 nostram
1125 869 1275 936 miseriam,
1293 878 1321 925 ct
1339 884 1495 940 quotanus
1516 868 1690 936 medicinam,
1704 868 1783 924 etsie

986 961 1192 1032 inperpetuum
1208 978 1264 1017 non
1281 962 1426 1017 irascetur.
1443 960 1501 1017 lloc
1515 960 1598 1016 inlert
1608 960 1643 1016 ad
1655 960 1783 1017 consola·

136 1056 180 1112 Ad
199 1057 252 1111 boc
271 1054 345 1111 enim
366 1055 411 1110 lex
434 1055 496 1111 data
513 1064 565 1113 cst.
589 1062 629 1120 ut,
653 1061 792 1109 crescente
814 1058 936 1123 peccato,
988 1053 1091 1109 tionem
1102 1063 1236 1111 nostmm.
1253 1052 1314 1109 Non
1324 1054 1397 1109 enim
1409 1061 1533 1126 satagere
1544 1054 1684 1120 debemus,
1697 1062 1728 1109 ut
1738 1053 1784 1127 lp·

137 1147 250 1219 superbi
266 1147 490 1213 humiliarentur,
505 1147 640 1203 bumiliati
654 1146 858 1212 conlitcrentur,
871 1160 937 1200 con·
987 1153 1077 1200 turam
1091 1146 1160 1199 iram
1179 1146 1339 1211 evadamus,
1354 1144 1401 1200 sed
1416 1145 1498 1200 ctiam
1511 1157 1541 1199 ut
1553 1154 1715 1215 praesentem
1732 1144 1782 1200 de-

137 1239 204 1295 lcssi
218 1246 395 1293 sanarentur.
409 1236 465 1295 llas
478 1238 599 1294 occultas
621 1238 680 1292 vias
695 1250 761 1290 suas
775 1242 853 1289 notas
875 1232 938 1288 lecit
988 1238 1231 1309 ponamus,dequa
1241 1238 1388 1308 Apostolus
1400 1255 1422 1292 :r
1433 1236 1783 1307 Fuimusenimaliquando

136 1328 235 1401 lloysi,
251 1344 397 1401 perquem
414 1328 456 1384 lex
471 1330 534 1385 data
557 1336 610 1396 est,
631 1343 692 1398 quas
707 1324 939 1397 superabundavit
988 1336 1075 1385 etnos
1087 1337 1183 1384 natura
1196 1329 1244 1385 lilii
1255 1327 1484 1400 irae(Eplrea.rr).r
1494 1326 1528 1383 Et
1542 1327 1784 1384 ideoconsolando

135 1422 279 1489 delictum,
293 1431 324 1476 ut
338 1422 577 1493 superabundaret
589 1431 616 1477 et
627 1420 724 1491 gratia.
741 1416 795 1473 Nec
810 1417 863 1471 hoe
874 1432 938 1473 cru·
988 1421 1121 1488 nosdicit,
1130 1422 1194 1492 quia
1207 1436 1262 1476 non
1274 1422 1409 1480 irascetur
1419 1422 1446 1475 in
1457 1430 1629 1491 perpetuum.
1642 1420 1784 1476 dametrius

132 1514 231 1570 deliter
247 1512 334 1568 alico
348 1510 452 1569 lactum
467 1522 521 1581 est,
539 1513 586 1570 sed
601 1512 755 1569 salubriter.
769 1508 845 1564 llulti
864 1508 936 1564 enim
989 1526 1037 1581 spe
1051 1512 1119 1566 iram
1132 1512 1160 1567 iu
1183 1528 1238 1583 qua
1254 1513 1344 1568 adbuc
1358 1526 1465 1578 sumus,
1478 1509 1505 1567 id
1520 1520 1667 1582 estpoenas
1679 1508 1785 1582 peccati

129 1612 159 1661 et
181 1619 236 1659 non
258 1606 397 1673 sentiunt,
421 1620 474 1661 nec
493 1606 630 1662 medicum
655 1612 791 1675 quaerunt.
816 1601 939 1671 lugetur
987 1604 1138 1672 evasimus,
1150 1593 1260 1660 tandcm
1272 1604 1549 1677 penitusevademus,
1563 1604 1672 1660 etsicut
1685 1618 1740 1658 nou
1755 1601 1786 1658 in

126 1696 257 1763 morbus,
271 1696 376 1752 crescit
389 1697 528 1763 molestia,
552 1695 685 1768 quaeritur
704 1695 836 1759 medicus,
851 1700 878 1747 et
893 1706 938 1747 sa·
989 1706 1148 1767 perpetuum
1164 1698 1308 1765 irascetur,
1320 1698 1357 1753 ita
1371 1698 1464 1753 nec‘ln
1485 1703 1617 1751 aeternum
1629 1696 1784 1751 courmina-

123 1796 211 1843 natur
233 1795 369 1860 aegrotus.
393 1786 467 1843 Ecce
490 1787 630 1860 quomodo
651 1788 768 1858 pertinet
792 1788 825 1840 ad
851 1786 937 1853 legem
954 1784 975 1841 B
990 1788 1073 1843 bitur.
1087 1786 1235 1845 llaecenim
1259 1804 1379 1860 presens
1394 1790 1435 1843 ira
1455 1787 1633 1845 comminatio
1646 1796 1688 1843 est
1709 1794 1787 1841 aeter·

121 1870 335 1935 misericordia.
364 1877 508 1935 Jndicium
536 1893 648 1951 quoque
680 1894 730 1950 per
757 1876 937 1941 contrarium,
990 1877 1149 1949 nae.llqua
1162 1894 1213 1936 nos
1229 1878 1443 1935 misericorditer
1456 1876 1589 1934 bomiuus
1609 1877 1690 1933 lesus
1704 1875 1787 1931 Clui-

119 1969 230 2025 scilieet
253 1980 392 2040 quantum
409 1970 444 2026 ad
468 1986 524 2025 non
546 1969 718 2026 attendentes
734 1969 785 2024 lroc
802 1966 939 2039 pertinere
990 1979 1051 2025 stus
1064 1970 1180 2027 liberare
1193 1972 1330 2044 dignetur.
1347 1968 1399 2039 Qui
1411 1970 1478 2025 vivit
1491 1978 1520 2025 et
1529 1978 1627 2041 regnat
1636 1967 1718 2025 Deus.

722 2232 975 2313 DOMlNlCti
1016 2234 1223 2313 DECIMA.

171 2512 182 2544 r
202 2492 275 2549 Cum
292 2496 532 2567 appropinquaret
545 2494 679 2552 bommus
692 2494 874 2562 Hierusalem,
895 2496 939 2551 vi·
988 2498 1071 2555 simul
1091 2513 1154 2555 cum
1167 2496 1238 2570 ipso.
1256 2496 1342 2554 Nocte
1356 2498 1455 2569 dieque
1474 2495 1570 2569 iuncta
1584 2428 1704 2555 manebit
1720 2501 1785 2557 sibi.

135 2586 204 2643 dens
218 2587 363 2644 ciritatem
389 2586 467 2642 llevit
488 2602 571 2658 super
595 2588 681 2655 illam,
697 2590 792 2646 dicens
809 2608 815 2645 :
831 2586 902 2657 Quia
916 2590 939 2645 si
988 2590 1101 2661 Absque
1112 2592 1213 2647 marite
1231 2606 1313 2647 neruo
1328 2589 1431 2646 videbit
1452 2605 1525 2646 eam.
1552 2589 1606 2646 Sed
1627 2591 1748 2662 viduata,
1761 2594 1785 2649 si

139 2680 321 2750 cognovisses
338 2689 366 2737 et
381 2690 423 2746 tu,
436 2680 587 2751 etquidem
600 2680 628 2735 in
645 2681 697 2737 bac
713 2682 757 2739 die
769 2688 815 2737 tua
830 2696 890 2752 quae
905 2681 939 2737 ad
992 2691 1068 2739 caret
1090 2684 1169 2753 ipso,
1194 2698 1249 2738 non
1274 2690 1367 2737 tamen
1389 2681 1460 2737 ultra
1486 2681 1571 2738 nubet
1595 2683 1705 2753 amico,
1727 2685 1787 2741 sola

142 2786 235 2841 pacem
249 2770 301 2827 tibi
320 2794 324 2800 ι
346 2782 527 2827 runcantem
543 2770 703 2826 abscondita
725 2771 838 2827 suntab
853 2770 940 2827 oculis
990 2774 1104 2843 volabit,
1127 2774 1185 2831 sola
1209 2774 1324 2841 sedebit,
1345 2782 1374 2829 et
1387 2788 1467 2845 quast
1493 2774 1577 2829 corde
1602 2776 1704 2831 tenebit
1717 2775 1788 2831 anri·

144 2864 209 2920 tuis.
233 2864 306 2933 Quia
322 2868 432 2922 venient
449 2866 508 2922 dies
534 2866 562 2920 in
585 2874 622 2932 te,
639 2873 666 2921 et
687 2864 898 2923 circumdabunt
913 2876 940 2921 te
991 2881 1054 2925 curn
1077 2867 1259 2938 operiensque
1283 2874 1360 2923 casta
1376 2866 1508 2922 raanebit.
1537 2864 1584 2923 Sic
1599 2868 1691 2923 anima
1712 2882 1788 2940 quae·

145 2954 250 3012 inimici
263 2956 303 3011 tui
319 2956 390 3012 vallo
402 2966 430 3012 et
440 2955 663 3026 coangustabunt
678 2963 706 3011 te
719 2955 851 3027 undique,
862 2964 889 3012 et
904 2957 940 3014 ad
990 2974 1046 3029 que
1062 2957 1149 3014 lldelis
1165 2956 1237 3013 laeta
1257 2957 1330 3013 virili
1346 2956 1451 3015 laedere
1471 2956 1546 3025 lelix,
1563 2974 1682 3031 namque
1702 2960 1788 3015 mari·

147 3046 743 3120 terramprosterneutte,etliliostuosquiln
752 3054 937 3112 resonarem.
992 3058 1037 3106 tus
1050 3059 1094 3107 est
1106 3050 1159 3107 sibi
1172 3048 1309 3106 Christus.
1321 3047 1392 3105 Cum
1405 3065 1456 3105 sua
1476 3049 1551 3107 dese
1565 3060 1676 3131 pectora
1689 3054 1787 3123 replet,

146 3136 226 3209 (Lae.
240 3140 313 3208 rix.)
337 3138 467 3195 Litteram
481 3138 523 3195 slc
539 3139 598 3211 lege
610 3138 656 3195 :Si
677 3138 854 3210 cognovisses
874 3137 939 3208 quia
991 3150 1019 3199 et
1036 3143 1105 3199 bene
1114 3142 1192 3211 vivit,
1208 3157 1317 3212 semper
1331 3141 1464 3198 adbaeret.
1478 3140 1538 3197 Non
1551 3144 1673 3198 alienum
1686 3146 1787 3215 quaerit

144 3232 257 3287 venient
268 3232 329 3288 dies
342 3232 369 3285 in
384 3240 420 3299 te,
435 3240 462 3287 et
476 3233 688 3289 circumdabunt
700 3241 726 3287 te
741 3230 857 3297 inimici,
873 3239 938 3297 cte,
991 3235 1122 3291 amicum.
1155 3233 1367 3302 Quomodolibet
1401 3250 1483 3291 orcus
1512 3236 1662 3305 sumpserit
1696 3236 1785 3304 illum,

144 3324 228 3378 etiam
245 3334 277 3379 tu
300 3322 433 3380 subaudis
448 3322 537 3381 lieres.
567 3323 634 3392 Quae
657 3323 738 3379 modo
766 3322 830 3393 qnia
848 3322 939 3379 nescis
990 3342 1072 3397 quem
1095 3340 1240 3395 superesse
1262 3325 1350 3380 credit
1374 3324 1403 3379 in
1428 3326 1547 3390 aethere,
1574 3325 1637 3381 inde
1660 3325 1786 3385 luterum

143 3416 218 3486 quod
231 3416 386 3484 imminent,
401 3418 534 3483 exsultas,
546 3418 611 3472 dum
625 3432 737 3472 carnem
753 3415 939 3486 voluptatibus
990 3423 1095 3485 spectat
1109 3414 1249 3479 eumdem,
1268 3421 1298 3469 ut
1312 3416 1525 3471 microcosmum
1534 3416 1643 3486 judicet
1657 3433 1780 3474 omrrem.

143 3508 207 3565 das.
222 3507 355 3579 Equidem
371 3509 400 3563 in
416 3510 467 3564 bac
479 3519 524 3564 tua
535 3508 590 3577 die,
606 3509 632 3564 id
651 3516 693 3565 est
708 3509 735 3564 in
747 3510 798 3564 bac
813 3516 860 3563 tua
872 3522 937 3579 pro-

142 3600 286 3670 speritatis
296 3599 430 3666 claritate,
448 3616 510 3673 quae
530 3603 562 3657 ad
576 3616 669 3673 pacem
681 3600 730 3656 tibi
745 3608 788 3656 est
803 3611 938 3671 tempora-

142 3689 211 3759 lem,
225 3691 374 3748 saubaudis
388 3690 478 3759 lieres,
495 3692 518 3752 si
531 3693 707 3764 cognovisses
720 3692 778 3747 baec
793 3706 939 3761 superven-

143 3786 208 3835 tura
218 3782 307 3850 mala,
324 3784 371 3839 sed
384 3798 458 3839 nunc
475 3782 634 3839 absconditu
650 3791 714 3839 sum
728 3782 762 3838 ab
775 3782 862 3837 oculis
874 3797 937 3838 cor-

989 3504 1113 3563 llirundo
1124 3514 1216 3561 autem
1232 3514 1274 3561 est
1287 3506 1396 3561 volatile
1420 3505 1504 3562 simili
1524 3507 1619 3573 niodo,
1629 3517 1657 3564 et
1671 3520 1786 3579 generat

989 3600 1084 3655 semel.
1102 3598 1148 3655 Sic
1170 3606 1198 3654 et
1221 3596 1348 3654 Salvator
1372 3616 1450 3655 meus
1472 3610 1555 3657 natus
1579 3610 1622 3657 est
1641 3603 1737 3672 semel,
1756 3602 1785 3659 in

988 3700 1069 3746 utero
1083 3690 1221 3761 bajolatus
1235 3692 1331 3756 semel,
1348 3690 1498 3750 crucitlxus
1510 3702 1552 3749 cst
1570 3694 1665 3752 semel.
1679 3705 1706 3750 et
1720 3710 1784 3751 sur-

988 3784 1059 3837 rexit
1072 3799 1088 3838 a
1100 3784 1216 3838 mortuis
1230 3783 1327 3838 semel.
1346 3782 1424 3861 llum
1438 3782 1521 3852 Deos,
1537 3802 1591 3840 una
1608 3786 1783 3854 lidcs,uuum

141 3873 189 3928 dis
205 3875 256 3929 tui.
270 3874 317 3931 l'el
330 3883 446 3946 potesta
460 3874 716 3947 principiocapituli
729 3878 937 3931 subunoversu
988 3872 1135 3944 baptisma.
1150 3873 1271 3928 Ciconiae
1292 3888 1358 3929 aves
1380 3882 1483 3930 vocate
1496 3891 1512 3929 a
1532 3892 1601 3932 sono
1620 3892 1676 3949 quo
1695 3880 1784 3951 crepi-

141 3962 198 4035 legi
211 3981 299 4035 usque
313 3968 346 4023 ad
361 3982 454 4038 pacem
471 3967 529 4032 tibi,
545 3969 597 4023 lroc
608 3967 707 4023 modo:
720 3966 807 4022 Flevit
821 3966 936 4022 dicens:
988 3973 1048 4021 taut
1068 3966 1148 4035 quasi
1167 3965 1291 4021 cicaniae.
1313 3963 1400 4031 Qrtem
1415 3979 1514 4020 sonum
1536 3967 1594 4022 oris
1610 3968 1702 4036 potius
1719 3986 1783 4025 esse

141 4055 218 4123 Quia
244 4059 266 4114 si
290 4060 465 4131 cognovisses
493 4060 574 4115 etiam
601 4067 629 4114 tu
657 4074 775 4124 mecum,
804 4057 937 4135 subaudis
988 4058 1180 4130 dicuntquam
1207 4058 1294 4123 vocis,
1309 4056 1373 4127 qnia
1391 4071 1455 4111 crtrn
1470 4056 1613 4127 quatiente
1630 4068 1720 4115 rostro
1737 4062 1780 4117 la-

140 4156 255 4211 ruinam
270 4168 331 4223 quaa
345 4152 479 4219 imminet,
491 4151 579 4209 lieres.
594 4152 725 4223 Equidem
740 4152 843 4206 lrocest
855 4151 936 4205 etiam
988 4152 1074 4207 ciunt.
1094 4149 1141 4206 llae
1157 4150 1230 4206 veris
1246 4149 1360 4213 nuntiae,
1373 4148 1511 4205 societatis
1523 4150 1647 4216 comites,
1667 4166 1780 4221 serpen-

140 4256 221 4303 certe
233 4247 261 4301 in
276 4246 328 4301 bac
344 4244 388 4301 die
401 4253 458 4311 tua,
475 4258 537 4315 quae
556 4245 589 4300 ad
601 4260 694 4315 pacem
707 4243 754 4299 tibi
769 4252 821 4310 est,
835 4244 938 4298 subau-
989 4244 1058 4299 tium
1079 4245 1172 4298 lrostes
1196 4242 1283 4297 maria
1300 4242 1479 4309 transvolant,
1495 4241 1523 4297 in
1549 4240 1643 4297 rislam
1663 4244 1780 4300 collecto

140 4340 189 4395 dis
210 4338 299 4393 lieres.
317 4335 396 4392 Nune
416 4346 507 4391 autem
528 4334 688 4393 abscondita
710 4342 784 4401 suut,
800 4334 853 4389 erit
866 4333 937 4388 alius
988 4336 1098 4407 agmine
1114 4343 1246 4406 pergunt,
1259 4333 1384 4390 cornices
1398 4334 1483 4389 duces
1508 4349 1555 4390 eas
1567 4336 1734 4405 praecedunt,
1752 4347 1781 4392 rt

141 4448 244 4490 versus
261 4428 396 4502 usquead
411 4428 491 4485 linem
510 4428 634 4500 capituli.
661 4428 694 4483 Et
709 4443 764 4483 non
781 4428 938 4497 relinquent
953 4443 975 4499 p
990 4426 1143 4499 ipsaequasi
1154 4426 1292 4481 exercitus
1302 4425 1674 4495 cisobscquunturadversus
1687 4426 1764 4481 inimi

141 4525 172 4580 in
188 4533 216 4579 te
233 4522 349 4592 lapidem
367 4536 450 4591 super
463 4522 581 4592 lapidem
596 4536 629 4575 en
643 4520 716 4590 quod
731 4534 785 4575 non
803 4532 938 4591 cognove-
990 4532 1118 4574 cesares.
1131 4516 1238 4571 Eutimia
1250 4516 1304 4571 illis
1315 4515 1467 4571 circadlios
1475 4516 1572 4587 pictas.
1581 4514 1723 4572 Namades
1732 4518 1780 4571 im·

140 4616 185 4672 ris
202 4623 310 4684 tempus
323 4612 487 4669 visitationis
501 4620 564 4667 tuae.
577 4610 752 4667 Erersiouem
765 4608 937 4666 Hierusalem
988 4611 1101 4683 pensius
1126 4608 1220 4665 iurent
1241 4610 1267 4663 in
1293 4609 1364 4665 nidis
1391 4608 1481 4675 lilios,
1518 4616 1547 4663 ut
1570 4608 1682 4664 assiduo
1703 4608 1781 4663 incu-

140 4707 247 4763 lactam
261 4720 322 4761 esse
342 4720 357 4759 a
380 4703 511 4759 Romanis
527 4704 698 4774 principibus
724 4700 890 4773 Vespasiano
911 4710 938 4757 et
988 4704 1048 4759 bitu
1070 4704 1111 4758 eis
1138 4703 1237 4773 plumae
1259 4709 1367 4757 exeant.
1396 4702 1535 4768 Quarrturn
1562 4709 1652 4755 autem
1673 4710 1780 4772 tempo·

140 4798 210 4854 Tito
236 4813 291 4853 non
319 4798 487 4869 ignoramus.
519 4796 606 4851 Etiam
643 4796 701 4865 ipsa
733 4794 938 4865 transmigratio
989 4794 1028 4849 ris
1058 4793 1241 4865 impenderint
1267 4792 1526 4848 letibuseducando
1548 4800 1652 4848 tantum
1673 4793 1782 4865 etipse

140 4888 265 4945 civitatis
278 4903 353 4942 nunc
367 4894 530 4943 constructae
553 4895 629 4941 extra
650 4892 755 4954 portam
773 4885 819 4939 ubi
842 4882 937 4939 bont·
988 4884 1134 4940 invicema
1151 4884 1233 4954 pullis
1247 4884 1305 4938 suis
1326 4884 1448 4950 aluntur,
1467 4882 1519 4939 hoc
1539 4894 1581 4940 est
1601 4886 1714 4942 moralis
1733 4886 1782 4943 de·

140 4997 199 5037 nus
210 4980 358 5036 erueillxus
372 4978 423 5035 luit
436 4988 562 5045 testatur,
574 4978 647 5050 quod
661 4977 736 5047 prior
749 4977 794 5031 illa
808 4975 939 5031 llicrusa·
989 4976 1095 5031 notatio
1119 4975 1271 5030 clementia
1293 4986 1320 5029 et
1345 4976 1555 5046 compassionis.
1583 4976 1671 5034 Semel
1690 4980 1783 5051 itaque

141 5074 199 5129 lem
215 5072 447 5128 tundituseversa
464 5072 509 5126 sit.
526 5070 589 5125 llaec
608 5077 650 5125 cst
675 5084 759 5124 causa
775 5068 940 5123 destructio·
989 5066 1124 5122 Dominus
1147 5065 1222 5121 llevit
1249 5082 1331 5137 super
1355 5067 1511 5135 civitatem,
1544 5084 1607 5125 cum
1631 5070 1781 5141 perituram

141 5168 189 5222 nis
213 5164 298 5233 illius,
313 5164 377 5235 quia
395 5179 451 5219 non
462 5164 592 5236 cognovit
607 5161 754 5217 Dominum
768 5161 879 5230 quando
896 5160 938 5213 vi-
989 5158 1138 5224 nuntiaret,
1150 5156 1198 5212 scd
1211 5158 1333 5229 quotidie
1346 5174 1394 5229 per
1409 5159 1513 5217 electos
1528 5177 1594 5218 suos
1608 5162 1635 5217 in
1658 5161 1781 5218 Ecclesia

141 5256 241 5313 sitavit
255 5271 327 5311 eum.
345 5254 424 5311 Unde
438 5254 506 5311 illud
528 5254 720 5326 propheticum
738 5272 744 5309 :
761 5272 770 5304 ι
795 5250 892 5307 llilvus
910 5253 937 5307 in
989 5248 1093 5320 plangit
1108 5250 1251 5319 reprobos,
1262 5251 1309 5321 qui
1321 5252 1507 5309 nesciuutcur
1519 5254 1693 5325 plangantur,
1705 5255 1780 5325 quia,

140 5350 217 5405 ooele
239 5347 368 5420 cognovit
390 5356 498 5417 tempus
523 5362 615 5411 suum,
631 5353 721 5400 turtur
735 5353 762 5400 et
780 5344 898 5399 hirundo
911 5352 939 5398 ct
987 5342 1066 5415 juxta
1083 5338 1269 5408 Salomonem,
1287 5363 1296 5394 ι
1314 5343 1443 5399 laetantur
1463 5360 1526 5400 cum
1552 5344 1740 5401 malefecerint
1753 5354 1782 5401 ct

139 5441 254 5499 ciconia
270 5438 459 5496 custodierunt
474 5447 581 5508 tempus
598 5438 732 5493 adventus
747 5438 801 5504 sui,
818 5435 938 5507 populus
989 5434 1167 5489 exsultantia
1183 5434 1265 5489 rebus
1274 5434 1401 5504 pessimis
1416 5434 1509 5507 (Pron.
1525 5434 1650 5505 11).»Qni
1665 5434 1688 5489 si
1702 5433 1780 5489 dam·

140 5546 237 5590 autem
253 5546 333 5587 meus
351 5544 404 5584 non
420 5528 546 5599 cognovit
569 5528 703 5600 judicium
730 5526 838 5583 Domini
868 5525 935 5599 (der.
989 5524 1128 5579 nationem
1142 5537 1221 5578 suam
1235 5524 1424 5593 praevidereut,
1436 5525 1540 5594 seipsos
1556 5541 1618 5580 cum
1630 5525 1779 5582 electorum

138 5625 216 5695 rur).
238 5642 247 5676 ι
266 5620 370 5677 Turtur
384 5629 427 5676 est
441 5636 527 5691 genus
550 5621 680 5687 volatilia,
691 5630 718 5676 et
746 5621 833 5676 nescit
855 5620 937 5673 inane
990 5617 1119 5688 lacrynris
1149 5616 1317 5687 plangerent.
1362 5614 1446 5671 Suam
1469 5616 1552 5680 igitur
1590 5618 1671 5673 babet
1704 5618 1779 5673 diem

140 5732 251 5777 amare.
269 5714 337 5769 Nam
354 5714 437 5769 scutel
452 5714 497 5766 uni
513 5722 596 5783 nupta
611 5716 719 5782 marito,
730 5728 837 5784 semper
852 5711 937 5766 abildt
989 5708 1080 5763 arrima
1097 5722 1235 5777 perversa,
1248 5721 1309 5776 quae
1323 5705 1482 5761 transitorio
1493 5706 1592 5777 gaudet
1605 5708 1631 5761 in
1647 5718 1778 5778 tenrpore.
