4017 6342
276 334 328 391 tat
827 325 960 385 risonis
973 321 1128 383 crisconi
1147 320 1337 380 abitensis
1842 328 1886 387 tat

277 444 400 501 suitoum
410 444 524 501 decimis
536 442 702 514 arengalium
715 437 937 508 etstirpaliumet
947 435 1061 493 indemi·
1076 439 1100 497 Α
1114 434 1204 491 omnia
1220 434 1357 505 possibilia
1368 434 1499 503 credenti,
1516 434 1663 509 incaeptum
1682 449 1769 493 marm
1780 438 1889 497 conducit

277 536 417 591 ornatuum
426 526 577 591 sedecimas
586 532 706 587 omnium
719 528 839 585 decimas
855 525 1067 598 qrrmacquirere
1119 534 1146 579 et
1168 525 1291 595 perducit
1315 524 1349 579 ad
1368 524 1465 581 bornam
1481 524 1664 583 efficientiam.
1686 526 1830 599 Siquidem
1849 546 1890 601 rgn

276 635 370 697 posset
382 639 415 680 cu
429 624 539 695 propriu
549 636 612 679 aere.
626 620 753 677 Chartam
768 620 859 692 itaque
872 619 931 675 deri
950 618 1001 674 sibi
1017 632 1066 673 cx·
1118 616 1223 685 positus
1236 615 1306 671 inter
1319 630 1394 687 spem
1417 625 1445 671 et
1456 630 1546 681 curas,
1559 616 1664 689 liuponi
1688 618 1778 673 comiti
1791 618 1842 675 diio
1853 636 1891 675 en-

276 714 528 787 petiitdclibertate
539 710 624 777 celle,
636 724 718 780 quam
730 709 844 767 liberam
859 706 976 764 feceram
987 706 1067 762 laude
1119 705 1193 761 mitis
1209 704 1410 773 Hennensem
1426 722 1500 761 eram
1514 708 1539 765 ci
1554 709 1798 776 notissimarum
1811 712 1891 767 uolum-

274 807 384 878 capituii
400 806 487 861 nostri
498 804 532 860 ab
544 804 618 861 omni
631 803 785 868 exactione,
797 801 930 858 uicarium
950 799 1066 855 liberum
1119 804 1201 853 tatem
1218 812 1305 854 meam
1324 808 1352 855 et
1373 799 1582 857 sollicitudinem
1606 802 1731 873 exposui.
1747 799 1790 858 llir
1813 813 1891 859 arden

275 897 320 967 qni
335 894 443 966 utrique
454 894 605 951 deserviret
614 902 643 948 et
654 892 729 949 ceilae
745 900 773 947 et
790 887 900 963 capella
912 890 1007 958 castri,
1021 890 1067 961 qui
1120 888 1226 945 bomini
1237 888 1333 956 idelis,
1356 888 1457 961 Spiritu
1473 893 1520 950 liei
1536 892 1701 949 intrinsecus
1719 895 1798 949 corde
1808 903 1891 959 tactus,

275 988 358 1045 etiarn
374 988 493 1043 sicarius
506 987 665 1044 lidelitatem
682 985 787 1042 laceret
800 984 890 1041 abbati
903 980 996 1040 Sancti
1015 983 1066 1038 111-
1120 980 1148 1036 in
1165 980 1222 1038 haee
1250 982 1316 1038 milri
1330 983 1413 1040 rerba
1437 986 1590 1057 respondit,
1606 1000 1667 1043 sese
1690 1000 1811 1042 summm
1833 1003 1893 1043 mea·

274 1079 376 1137 chaelis
400 1079 500 1137 debis
531 1094 592 1150 quac
614 1086 708 1135 essent
734 1076 776 1133 sni
799 1072 881 1148 juris,
913 1070 1067 1131 fidelitatem
1119 1089 1179 1130 rum
1193 1074 1313 1129 futurum
1328 1076 1482 1146 acclamet
1497 1078 1730 1148 suseeptiiaboris
1747 1077 1892 1137 indefessum

274 1173 357 1229 etiam
382 1172 525 1229 abbatisse
549 1172 582 1228 de
607 1171 651 1227 his
674 1184 734 1241 quae
760 1168 795 1224 ad
815 1182 875 1224 eam
888 1167 1068 1238 pertinerent,
1119 1176 1334 1239 cooperatorem,
1359 1170 1414 1226 imo
1432 1171 1592 1243 principem,
1609 1172 1631 1227 si
1650 1170 1677 1226 in
1699 1170 1824 1228 honorem
1834 1173 1892 1228 beati

274 1266 442 1323 conductum
458 1264 554 1319 vicarii
569 1262 662 1319 abbatr
681 1260 774 1319 Sancti
795 1258 935 1317 Michaelis
951 1259 1069 1331 benigne
1119 1258 1218 1315 Leonis
1243 1274 1338 1333 pape,
1360 1260 1494 1319 'iuliensis
1513 1262 1644 1335 episcopi,
1668 1262 1735 1319 inibi
1760 1267 1893 1322 coenobium

277 1373 408 1420 annuens,
424 1366 453 1412 et
467 1354 499 1411 in
512 1364 673 1428 perpetuum
685 1355 789 1423 scripio
810 1352 969 1425 astipulans.
985 1351 1069 1423 Cultus
1119 1350 1285 1421 dedicarem,
1297 1364 1325 1409 ct
1336 1354 1407 1411 circa
1431 1355 1495 1412 illud
1509 1355 1676 1413 xenodochia
1688 1370 1831 1427 paupemm
1841 1360 1894 1414 edi·

279 1451 404 1524 petitioni
416 1448 533 1505 libenter
549 1448 706 1514 annuimus,
731 1446 859 1518 imposito
873 1446 962 1518 sigillo
976 1444 1068 1503 codro
1119 1443 1242 1511 dicarem,
1261 1453 1301 1513 nt,
1315 1447 1404 1517 qrrcad
1425 1447 1548 1504 uiuerent
1563 1447 1621 1520 ipse
1643 1456 1671 1503 et
1694 1463 1764 1504 uxor
1787 1464 1843 1515 sua,
1855 1465 1895 1521 pro

278 1548 308 1599 et
332 1543 435 1599 banno.
466 1540 616 1598 litantem
641 1542 742 1599 certius
765 1551 891 1598 tencatur
906 1550 935 1598 et
954 1542 1067 1610 sciatur,
1119 1534 1304 1593 incolumitate
1317 1544 1344 1594 et
1355 1538 1536 1609 prosperitate
1559 1552 1654 1595 eorum
1675 1538 1753 1595 deret
1776 1536 1810 1593 ibi
1822 1541 1895 1609 qrtod·

276 1647 397 1704 praesens
421 1628 633 1704 chirographum
659 1632 795 1689 conscribi
825 1633 980 1705 meruimus
1006 1648 1068 1690 cnm
1120 1628 1200 1685 diana
1222 1628 1329 1695 oratic;
1342 1643 1405 1685 cnm
1423 1630 1537 1701 appositi
1560 1636 1652 1686 essent
1668 1628 1702 1685 ad
1724 1638 1814 1700 patres
1830 1644 1894 1691 suos,

278 1724 363 1797 signis
377 1724 485 1780 illorum
497 1724 543 1795 qui
567 1721 759 1781 interfuerunt
774 1722 885 1796 linoque
896 1732 1007 1795 pactum
1021 1723 1070 1780 dr·
1120 1726 1185 1776 tunc
1206 1734 1314 1792 utroque
1329 1720 1479 1792 impensius
1501 1721 1646 1779 deberetur
1662 1718 1803 1777 animabus
1816 1720 1896 1777 cribet

279 1828 382 1872 mamm
403 1827 446 1872 est
458 1816 503 1872 iilo
516 1831 588 1873 anno
603 1831 658 1887 qno
670 1815 867 1888 lerosolymam
882 1816 970 1873 iturus
979 1831 1066 1885 eram,
1084 1782 1226 1882 ¹3patrum
1241 1826 1351 1869 sucrum
1364 1812 1550 1871 ecclesiastica
1575 1811 1718 1878 memoria,
1734 1820 1761 1868 et
1775 1812 1896 1879 prodesset

277 1924 348 1963 anno
362 1909 397 1963 ab
408 1907 596 1965 incarnatione
611 1907 717 1963 bomini
738 1902 818 1976 ¹805,
834 1908 984 1966 indictione
1005 1924 1067 1976 stru,
1118 1919 1268 1976 pauperum
1288 1906 1404 1974 benigm
1417 1905 1623 1963 subministrata
1636 1901 1760 1963 reiectio.
1770 1904 1896 1976 erodqui·

276 2010 372 2071 epacta
392 2015 461 2066 arur,
473 2010 653 2057 concurrente
676 2016 707 2068 u,
731 2010 848 2071 papante
865 2000 997 2076 Gregorio
1014 2000 1067 2070 vit,
1119 1994 1181 2049 dem
1191 2009 1243 2067 ego
1257 1993 1398 2051 Luctnlius
1415 2004 1555 2067 gratanter
1569 1996 1686 2054 assensi.

276 2100 407 2163 regnante
420 2090 537 2147 ilenrico
552 2090 594 2147 111.
1155 2084 1239 2157 igitur
1253 2087 1310 2158 ipse
1329 2101 1421 2143 comes
1436 2093 1464 2145 et
1486 2101 1535 2144 sua
1551 2087 1700 2156 comitissa,
1721 2097 1749 2143 et
1772 2103 1821 2159 ego
1836 2103 1898 2144 rom·

311 2178 424 2250 Signum
439 2179 552 2237 Pibnnis
563 2180 699 2237 Tuliensis
711 2182 842 2256 episcopi.
1119 2177 1256 2233 medicato
1281 2177 1394 2235 consiliu
1415 2178 1549 2237 adivimus
1575 2181 1734 2253 episcopum
1751 2177 1898 2246 indensem.

311 2267 341 2325 S,
358 2269 505 2326 Hermanni
516 2269 645 2327 dictericis
654 2270 786 2343 episcopi,
1118 2268 1208 2325 vicunt
1223 2268 1274 2340 piae
1296 2270 1434 2327 memorias
1458 2268 1640 2329 venerabilem
1660 2266 1810 2340 pibonem,
1827 2272 1899 2329 escit*

310 2361 341 2419 S.
355 2362 458 2420 dibrici
472 2361 579 2419 abbatis
592 2360 623 2418 S.
637 2362 782 2421 Mansueti.
1120 2360 1222 2416 siarum
1234 2356 1281 2415 Dei
1305 2370 1465 2427 amatorem,
1480 2362 1554 2419 omni
1568 2362 1639 2418 bono
1663 2362 1785 2434 incoepto
1801 2378 1898 2433 contn-

311 2455 342 2511 S.
358 2455 474 2511 Errardi
487 2455 596 2512 abbatis
611 2455 640 2511 S.
655 2455 734 2527 dpri.
1120 2448 1253 2509 tutantem
1272 2461 1300 2509 et
1314 2462 1516 2524 cooperantem.
1530 2448 1648 2511 Sanctus
1668 2454 1762 2526 itaque
1774 2455 1897 2519 sacerdus,

311 2546 341 2603 S.
361 2544 481 2619 lingonis
497 2546 657 2617 primicerii.
1120 2544 1213 2601 audito
1225 2545 1338 2603 consilio
1353 2546 1396 2618 pie
1407 2546 1557 2603 admiratus
1576 2548 1715 2605 saecularis
1730 2548 1781 2604 riri
1796 2547 1901 2605 deuotin

312 2636 345 2693 ili
368 2647 460 2693 antem
488 2646 553 2693 sunt
576 2647 660 2695 testes
688 2638 722 2695 de
745 2638 857 2705 lamilia,
874 2632 1067 2709 dlaimbcldus3
1119 2650 1194 2703 nem,
1213 2630 1377 2693 sacerdotali
1388 2637 1573 2695 admonitione
1594 2637 1707 2703 excitat,
1723 2650 1752 2695 et
1774 2638 1902 2696 ecnirnat

277 2728 422 2796 duronius,
437 2728 550 2801 Empco,
575 2728 730 2797 Enzelinus,
758 2744 808 2800 per
829 2746 945 2803 quorum
972 2748 1070 2791 manus
1120 2726 1191 2784 benc
1200 2737 1388 2799 compunctam
1403 2736 1572 2797 mentemst
1585 2729 1642 2800 litte
1655 2724 1744 2786 eidem
1756 2730 1831 2800 dieti
1844 2729 1900 2785 ¹¹¹⁰*-

277 2837 332 2876 m
362 2818 439 2874 librae
463 2818 591 2875 distensis
623 2828 738 2876 monetae
757 2819 900 2877 Hodierna
924 2822 1083 2881 abbatissae,
1120 2826 1220 2875 tumse
1239 2820 1364 2891 promisit
1386 2820 1591 2887 auxiliaturum,
1614 2822 1739 2892 quamuis
1757 2833 1823 2878 trtnr.
1842 2832 1899 2877 tenr-

277 2910 383 2967 traditae
395 2919 468 2967 srnn.
1119 2911 1194 2983 poris
1207 2910 1258 2969 sibi
1271 2922 1344 2970 esset
1366 2913 1393 2970 in
1413 2913 1540 2969 manibus
1554 2924 1623 2984 opus
1636 2912 1751 2985 grande,
1769 2913 1833 2983 quia
1848 2912 1901 2967 adi-

312 3004 446 3061 Prmterea
458 3014 645 3063 antecessores
655 3005 791 3078 praedietae
802 3009 948 3067 mnrium
959 3009 1070 3083 sopth
1121 3000 1222 3059 beabat
1234 3004 1329 3059 turrim
1345 3012 1408 3060 ante
1428 2998 1642 3075 protomartyris
1656 3002 1807 3076 principem
1825 3012 1902 3059 cram·

278 3110 404 3151 rransum
430 3094 501 3150 inira
530 3096 691 3153 suburbium
716 3098 834 3157 civitatis
860 3100 939 3171 justa
963 3111 1069 3173 portam
1121 3094 1202 3150 rium.
1217 3095 1341 3153 ilabebat
1350 3104 1440 3151 autoem
1465 3096 1536 3151 idem
1559 3096 1696 3168 piissimos
1720 3112 1815 3153 corrues
1839 3095 1902 3165 liupo

279 3202 339 3259 mnae
352 3186 452 3243 dieitur
463 3186 596 3245 Eckeardi
609 3187 710 3247 Sancto
723 3189 863 3262 Stephano
875 3196 1070 3269 protomartyri
1122 3201 1250 3259 magnum
1266 3196 1294 3245 el
1310 3188 1452 3260 &nlilitum
1465 3186 1625 3245 benefitium
1641 3188 1675 3243 de
1685 3187 1781 3245 0⁰t¹0m
1807 3201 1902 3242 lentii·

280 3279 412 3333 dederant
426 3278 453 3333 in
478 3276 630 3334 Raimbaldi
654 3279 764 3351 angulo,
777 3282 825 3338 sed
839 3298 888 3354 per
903 3284 981 3356 longa
1000 3293 1070 3342 tem·
1121 3270 1169 3340 biii
1194 3282 1337 3354 episcopm
1351 3296 1384 3338 ex
1409 3281 1461 3336 hoc
1484 3279 1616 3337 benedicio
1638 3280 1786 3353 quamdam
1813 3279 1902 3339 sillan,

279 3384 347 3441 pora
360 3369 487 3427 obliuioni
503 3370 632 3427 traditum
647 3369 746 3428 luerat.
762 3372 930 3431 denotatum
950 3383 992 3433 est
1005 3390 1072 3449 ergo
1122 3389 1202 3445 qurum
1217 3373 1309 3429 dicunt
1330 3369 1573 3429 Martini-mentem
1590 3370 1723 3440 avulsam,
1737 3379 1851 3442 uterque
1862 3384 1901 3423 cu·

281 3460 439 3532 donnmper
453 3474 562 3517 manum
578 3470 709 3527 noscant.
720 3464 886 3534 etpresenti
897 3464 1072 3538 scriptncon-
1122 3476 1181 3522 mes
1203 3470 1230 3521 et
1244 3460 1382 3520 comitissa
1398 3460 1434 3520 de
1449 3476 1538 3521 mann
1559 3476 1607 3519 sura
1630 3460 1732 3530 emisit,
1758 3460 1903 3519 etrsdnsa

280 3549 429 3619 drmatum,
444 3557 474 3607 ut
490 3552 620 3608 memoria
638 3561 842 3612 antecessorum
859 3556 919 3629 ejus
933 3558 965 3628 ⁸in
978 3568 1072 3615 nostra
1122 3556 1292 3613 baereditauia
1319 3555 1498 3628 postulatione
1516 3556 1637 3614 omnium
1658 3570 1859 3619 successorum,
1881 3554 1902 3607 in

282 3642 378 3698 charta
389 3642 494 3699 drmius
505 3643 647 3709 habeatur,
665 3646 783 3703 maxime
798 3662 848 3719 pro
860 3648 988 3706 libertate
997 3650 1073 3708 celim
1123 3663 1232 3705 manum
1245 3647 1408 3705 dominicam
1424 3650 1542 3721 episcopi
1554 3644 1684 3719 reposuit.
1698 3646 1765 3705 item
1778 3648 1862 3705 Genr
1871 3647 1904 3699 ins

281 3736 437 3805 meantis,
444 3752 527 3809 quam
537 3738 652 3796 liberam
664 3738 782 3798 ieceram
794 3743 829 3799 ab
838 3745 1070 3803 omnisnetione.
1123 3739 1157 3795 de
1176 3740 1286 3797 Brcscio
1296 3740 1367 3799 lilius
1381 3735 1519 3807 Wallridi,
1533 3740 1622 3812 capita
1647 3739 1790 3796 bominum
1815 3738 1904 3794 utrius·

653 3829 704 3887 vll.
1123 3844 1176 3901 que
1188 3846 1278 3898 sexus,
1289 3840 1421 3903 quotquot
1432 3831 1459 3886 in
1482 3828 1576 3887 eadem
1596 3827 1659 3885 uilia
1675 3827 1771 3885 habuit
1796 3842 1903 3885 eortina·

375 3918 829 3983 Fundatiomcnnstcriis.1.eccis
845 3923 983 3985 indensis.
1123 3930 1313 3994 pedisequos
1332 3922 1366 3979 de
1390 3922 1515 3993 episcopo
1540 3920 1567 3977 iu
1589 3920 1720 3975 benedicio
1745 3921 1863 3984 tenebat,
1883 3918 1904 3970 in

578 4014 669 4085 (dano
680 4014 771 4087 1091.)
893 4063 900 4077 ,
1123 4015 1286 4071 dominicam
1301 4029 1410 4071 manum
1423 4013 1544 4087 episcopi
1563 4013 1694 4083 reposuit.
1709 4011 1769 4083 lpse
1792 4010 1906 4067 similiter

281 4101 360 4179 [Dcrn
389 4100 696 4169 censentientem
712 4105 851 4177 lorraine,
867 4108 911 4176 tv,
931 4109 979 4166 Pr.
995 4109 1072 4185 489]
1123 4106 1248 4180 egregius
1261 4106 1462 4179 pcntileaquos
1481 4106 1606 4163 bornines
1619 4104 1753 4163 incudem
1765 4105 1905 4162 riliacum-

315 4194 344 4251 ln
370 4195 480 4252 numine
500 4205 602 4253 sanctae
628 4206 657 4254 et
679 4199 827 4257 individue
855 4201 1006 4260 Trinitatis.
1034 4203 1072 4259 ile
1123 4208 1266 4255 manentes
1288 4200 1322 4255 ad
1344 4214 1465 4257 mensam
1487 4213 1564 4255 suam
1588 4199 1758 4269 pertinentes
1785 4198 1905 4257 babebat.

280 4286 430 4359 scripturis
446 4288 609 4361 evangelicis
630 4298 658 4346 ct
676 4292 832 4361 apostolicis
857 4294 1072 4367 praemotriti,pii
1123 4290 1159 4346 ad
1183 4289 1366 4365 integritatem
1393 4288 1456 4348 doni
1486 4290 1521 4347 de
1543 4289 1616 4345 uictu
1639 4304 1689 4345 nuc
1722 4289 1825 4347 emisit.
1850 4288 1906 4357 Qua

279 4382 493 4455 rcsscsrelipinsi
504 4380 656 4453 pontidces,
671 4384 817 4456 caeterique
834 4382 981 4441 Christiani
997 4388 1073 4457 prin.
1123 4378 1186 4435 villa
1199 4395 1260 4435 cum
1281 4380 1464 4452 redintegrata
1488 4380 1617 4437 membris
1637 4379 1693 4437 suis
1710 4388 1738 4435 et
1751 4379 1906 4436 indominica

278 4473 364 4545 cipes,
377 4486 493 4545 quorum
507 4486 556 4528 cor
571 4471 713 4528 dilatatum
726 4483 770 4529 est
786 4473 814 4530 in
826 4474 968 4531 charitatis
981 4476 1073 4534 latitu-
1084 4503 1111 4565 D
1123 4470 1229 4539 luisset,
1249 4471 1411 4529 venerabilis
1430 4472 1575 4543 episcopus
1592 4469 1672 4537 Pibo,
1698 4470 1852 4527 concilicet
1873 4484 1907 4523 as

279 4566 353 4630 dine,
364 4573 393 4621 et
402 4578 495 4620 rernm
517 4576 628 4619 suarum
648 4563 806 4622 multimoda
822 4566 1005 4637 possessione,
1020 4568 1070 4639 ipsi
1123 4580 1204 4621 sensu
1223 4565 1380 4621 eorumdem
1395 4564 1535 4629 comitum,
1547 4576 1629 4633 super
1640 4561 1727 4619 altare
1753 4563 1841 4619 sanni
1854 4559 1906 4617 Ste-

278 4657 388 4726 quidem
417 4654 508 4712 solent
529 4653 660 4711 ecclesias
680 4655 833 4724 edidcare,
847 4659 1071 4731 congregationes
1121 4656 1204 4728 phani
1230 4656 1321 4728 quieta
1346 4664 1374 4712 et
1397 4655 1483 4713 solida
1508 4654 1652 4712 traditione
1675 4670 1736 4711 eam
1763 4653 1906 4725 imposuit,
1978 4644 1979 4727 i

279 4748 441 4805 Sanctorum
463 4748 594 4813 adunare,
609 4748 744 4819 stipendia
766 4751 918 4809 necessaria
943 4754 1071 4824 suppcdi-
1122 4746 1242 4807 diuinum
1255 4756 1283 4803 et
1305 4747 1453 4803 humanum
1478 4754 1648 4805 contestatus
1666 4745 1852 4810 auxilium,ut
1867 4757 1906 4797 ea-

279 4848 337 4896 tare
347 4841 476 4912 omnique
488 4838 647 4897 sufficientia
668 4840 844 4913 locupletare.
1122 4838 1183 4897 dem
1196 4838 1269 4908 uilla,
1281 4839 1308 4895 id
1322 4847 1365 4896 est
1377 4837 1591 4904 Martini-mons,
1606 4852 1668 4894 cum
1683 4837 1799 4895 eeclesia
1818 4846 1846 4894 et
1858 4836 1908 4891 suis

313 4932 634 5005 &cautemibuctnlius
657 4935 767 4992 humilis
788 4937 914 5004 clericus,
936 4934 1071 4995 indensis
1122 4930 1293 5002 appenditiis,
1301 4930 1380 4987 altari
1393 4931 1480 4988 sancti
1491 4928 1621 5001 Stephani
1632 4930 1843 5002 appenderet,et
1853 4944 1907 4984 curn

278 5024 400 5081 ecclesiae
410 5024 521 5083 claustri
531 5027 659 5093 decanus,
675 5027 799 5098 quamvis
812 5025 885 5084 nulla
905 5043 994 5084 rerum
1010 5043 1071 5100 pus·
1121 5025 1283 5083 aedifreatum
1305 5032 1378 5083 esset
1405 5024 1580 5089 cenobium,
1605 5032 1633 5080 ct
1655 5021 1760 5097 aliquot
1774 5021 1908 5081 emrtobirae
1978 5022 1979 5097 i

279 5118 400 5176 sessione
411 5119 697 5184 subnixusanimatus
707 5135 767 5178 sum
784 5128 875 5177 tamen
884 5120 1004 5178 aemulari
1016 5130 1070 5177 mm
1122 5116 1244 5183 adunati,
1259 5116 1350 5173 usibus
1367 5130 1461 5173 eornm
1477 5114 1636 5173 deserviret.

279 5208 381 5281 smnde
404 5210 587 5281 propositum,
612 5212 729 5283 quadam
749 5211 971 5285 magnanimitate
992 5215 1070 5271 bcnae
1156 5207 1269 5264 Addidit
1296 5208 1379 5263 etiam
1404 5220 1515 5279 mansos
1530 5206 1557 5262 in
1575 5206 1757 5279 civitatensi
1781 5202 1909 5279 appende·

279 5302 336 5375 spei
349 5300 469 5375 quotidie
479 5301 668 5375 interpellante
682 5302 812 5360 aduersus
821 5303 1070 5375 pusillanimitatem
1121 5299 1236 5357 bantad
1260 5298 1422 5357 beneficium
1444 5296 1566 5369 eiusdem
1579 5298 1659 5363 Vfflae.
1687 5314 1786 5358 censos
1810 5296 1908 5354 duobus

178 5388 183 5395 ’
278 5400 380 5463 meam,
400 5404 428 5451 et
449 5396 617 5453 incessanter
644 5394 787 5469 sugillante
809 5395 932 5454 timidum
949 5398 1070 5453 animum
1122 5390 1227 5448 solidis.
1239 5390 1377 5460 dequisivi
1396 5400 1527 5463 preterea
1547 5404 1597 5460 ego
1607 5388 1749 5447 Luctulius
1771 5390 1909 5447 ecclesiam
1978 5396 1979 5471 ι

278 5504 382 5546 meum.
396 5488 456 5558 Qua
469 5488 496 5545 in
509 5487 668 5560 reprndens
684 5487 764 5559 burins
780 5490 873 5545 mundi
888 5495 984 5544 taxans
996 5502 1070 5543 suun·
1121 5482 1155 5539 de
1173 5480 1413 5551 wandelini-vida,
1426 5496 1486 5538 cnm
1501 5481 1574 5537 omni
1587 5480 1744 5551 integritate
1757 5482 1826 5536 dctis
1840 5478 1908 5548 ejus·
1978 5482 1979 5487 ’

279 5589 342 5652 ptus
354 5580 444 5651 operis
466 5587 493 5635 et
507 5579 630 5647 rationis,
650 5594 821 5650 nequaquam
835 5579 1012 5636 commiretur
1028 5576 1071 5634 nel
1121 5572 1181 5629 dem
1205 5573 1343 5640 ecclesiae,
1364 5573 1398 5629 dc
1421 5572 1559 5629 comitissa
1589 5570 1729 5637 Recheaa,
1747 5587 1805 5642 quse
1830 5569 1908 5625 etiam
1978 5624 1979 5653 1

280 5680 435 5728 murtemnat
450 5671 701 5742 pusillanimitatem
724 5672 960 5742 meam,quial)ei
978 5670 1070 5726 muni·
1121 5665 1195 5721 dedit
1217 5682 1300 5723 unum
1323 5667 1551 5732 bominem,cnm
1578 5662 1682 5720 duabus
1704 5664 1809 5734 quartis
1831 5663 1909 5717 unitus
1978 5656 1979 5697 1

280 5763 388 5817 licentia
404 5778 510 5832 semper
519 5760 588 5820 idus
601 5776 693 5821 comcs
705 5762 782 5821 bone
795 5760 952 5832 uoluntatis,
966 5761 993 5818 in
1015 5774 1070 5831 utro
1121 5759 1221 5828 mansi,
1236 5772 1269 5816 eo
1292 5768 1372 5830 pacto
1394 5768 1425 5816 nt
1443 5774 1554 5817 censum
1570 5772 1624 5816 sure
1639 5766 1719 5839 terre
1737 5772 1814 5827 quem
1832 5754 1920 5814 debe.
