4017 6342
239 350 292 404 bib
791 346 956 404 uentum
975 350 1125 408 suenus
1144 350 1173 408 S.
1196 350 1307 407 blasti
1822 359 1872 416 980

236 468 318 533 tiam,
337 466 363 519 id
376 474 420 521 est
432 466 528 523 discite
546 466 574 521 in
593 467 664 523 bona
689 464 896 522 conuersatione
921 468 1024 521 bonum
1038 472 1063 531 Α
1077 479 1134 537 tas;
1149 478 1240 525 ιυιυευ
1263 478 1389 523 memma
1407 484 1465 524 sure
1476 470 1569 526 carnis
1584 468 1691 525 leriora
1703 480 1797 541 portat
1815 477 1872 530 aui·

235 557 338 627 iacere,
353 572 402 631 spe
412 568 587 625 aeternorum,
603 574 657 613 nou
672 558 880 629 temporalium.
897 558 926 614 ln
939 560 1030 615 seien—
1082 577 1138 629 ma,
1156 576 1220 617 eum
1235 561 1263 615 in
1277 558 1394 615 sanitate
1408 560 1520 615 robusta
1535 570 1611 628 sunt,
1621 576 1707 631 quarn
1720 562 1749 616 in
1764 563 1863 636 langue

236 650 272 705 tia
287 658 378 705 autem
392 648 598 705 abstinentiam.
619 647 689 703 Cum
712 650 784 704 bona
796 649 888 705 iacere
902 650 1029 707 didiceri-
1052 692 1061 703 .
1079 668 1110 708 re
1124 669 1187 709 cum
1198 668 1291 708 macra
1307 659 1381 718 sunt,
1395 660 1499 708 etcum
1512 652 1574 707 aliis
1588 652 1763 723 gestantibus
1777 670 1870 712 onero·

234 740 285 807 tis,
301 754 349 810 sps
370 739 434 795 vitre
451 748 560 797 esterna
586 755 649 795 mox
666 756 681 796 a
698 741 778 797 malis
794 740 938 804 abstinete,
955 749 981 797 et
1001 742 1028 796 in
1080 746 1136 801 sior
1153 743 1547 814 sitsanusetralidusquam
1562 744 1644 801 exilis
1659 753 1688 800 ct
1707 746 1870 803 morbidus:

234 830 400 900 cogitatione
412 838 440 886 et
454 831 480 887 in
493 846 585 902 opere,
597 848 631 887 ue
643 832 670 887 in
686 846 802 888 vacuum
815 833 929 888 scientia
942 834 1026 888 coele·
1080 834 1138 906 ipse
1152 844 1242 890 tamen
1254 834 1288 889 ad
1303 850 1384 889 sunm
1397 849 1498 905 corpus
1515 836 1681 889 mouendum
1709 846 1793 905 atque
1810 852 1869 906 por-

233 924 316 979 stium
330 923 455 989 decedat,
469 925 492 979 si
505 940 534 980 se
548 925 583 979 ab
594 924 728 981 illecebris
746 924 838 980 saeculi
853 926 960 997 aliquos
974 940 1027 980 non
1079 924 1192 980 tandum
1220 925 1319 997 agilior
1336 933 1397 991 est,
1420 940 1483 980 curn
1506 925 1534 979 in
1549 926 1621 980 bona
1645 926 1801 981 ualetudine
1814 929 1869 997 plus

232 1022 367 1069 coerceat.
386 1013 595 1071 inabstinentia
620 1025 710 1071 autern
736 1016 915 1087 patientiam,
936 1017 1027 1087 utqui
1080 1016 1161 1072 babet
1173 1017 1252 1072 molis
1264 1032 1348 1087 uuam
1367 1030 1431 1070 cum
1445 1016 1473 1069 in
1485 1025 1561 1085 peste
1577 1018 1621 1071 vol
1643 1018 1673 1071 in
1697 1017 1773 1072 lame
1795 1021 1870 1075 mini·

232 1120 249 1160 a
271 1105 457 1175 voluptatibus
480 1106 575 1162 mundi
600 1122 630 1163 se
653 1108 793 1175 eontinet,
823 1107 937 1163 adversa
963 1108 1025 1175 eius
1079 1120 1155 1160 mum
1171 1104 1290 1161 roboris.
1308 1104 1427 1160 Tantum
1447 1107 1518 1161 valet
1533 1107 1616 1161 etiarn
1633 1107 1662 1161 in
1674 1108 1810 1164 habendis
1823 1120 1870 1166 ter·

234 1195 423 1253 sustineatis
439 1197 842 1270 patientiaautempietatem,
859 1207 889 1255 υι
902 1214 966 1270 erga
979 1214 1028 1255 eos
1079 1200 1155 1255 runis
1183 1199 1357 1270 corporibus,
1380 1201 1508 1270 quamvis
1533 1202 1624 1257 adbuc
1649 1205 1869 1275 corruptibilibus

231 1304 303 1359 ortos
323 1290 455 1355 tuleratis,
468 1292 511 1362 pie
526 1292 637 1348 solliciti
661 1292 737 1359 sitis,
756 1294 783 1348 in
805 1294 904 1365 pietate
919 1301 1025 1359 autern,
1077 1300 1160 1360 atque
1173 1290 1346 1352 mortalibus,
1362 1307 1417 1346 non
1439 1292 1602 1361 urrantitatis
1615 1296 1743 1364 poudm,
1759 1298 1807 1351 sed
1822 1306 1870 1351 ten-

233 1378 415 1436 iraternitatis
440 1396 574 1451 amorem,
594 1390 625 1437 ut
642 1384 825 1439 nonalterius
854 1382 893 1439 roi
924 1382 1025 1437 intuitu
1078 1380 1316 1437 titionisnrodus.
1333 1380 1368 1435 Et
1390 1382 1454 1451 quis
1476 1383 1568 1438 verbis
1596 1385 1717 1453 explicat
1740 1396 1868 1455 quantum

233 1486 315 1541 opera
334 1472 443 1543 pietatis
464 1474 629 1530 adversariis
643 1475 818 1543 impendatis,
834 1475 887 1529 nisi
901 1474 1027 1531 iraternae
1077 1471 1163 1526 distat
1177 1473 1249 1527 inter
1264 1480 1437 1543 praesentem,
1451 1488 1535 1543 quam
1554 1473 1674 1531 dicimos
1689 1476 1868 1534 sarrimemct

230 1564 396 1629 dilectionis,
409 1574 438 1621 υι
452 1578 502 1635 pro
513 1565 553 1620 cis
566 1566 700 1632 oretis,ut
710 1574 904 1621 convertantur
915 1566 960 1637 qul
977 1566 1027 1621 do·
1077 1564 1311 1620 immortalitatem
1325 1565 1468 1619 lutrrraml
1483 1564 1543 1619 Nou
1570 1566 1607 1622 ita
1632 1554 1810 1639 redarguant
1825 1587 1870 1625 no·

231 1654 321 1711 ctrina
351 1662 441 1711 vestra
465 1655 507 1709 vel
530 1654 762 1728 increpationibus
786 1656 934 1712 noluerunt
957 1671 1026 1712 con·
1076 1664 1162 1711 stram
1181 1657 1291 1727 quidem
1307 1657 1462 1729 philosoplri
1473 1658 1506 1713 de
1516 1673 1663 1729 corporum
1696 1661 1868 1731 ponderibus.

232 1748 311 1803 verti.
324 1746 353 1802 ln
367 1746 547 1805 fraternitatis
561 1758 651 1805 autem
666 1764 760 1804 amore
782 1748 954 1817 charitatum,
970 1750 1027 1805 sei·
1077 1744 1125 1800 Est
1136 1747 1208 1801 enim
1221 1746 1262 1802 sic
1274 1747 1339 1803 irinc
1351 1764 1462 1805 sursum
1474 1764 1589 1804 versus:
1608 1758 1680 1806 terra
1692 1751 1794 1821 prima,
1805 1768 1869 1823 aqua

230 1838 296 1895 licet
321 1838 380 1907 Dei,
394 1854 455 1911 ques
477 1840 588 1895 merito.
603 1841 691 1896 amori
710 1838 889 1897 fraternitatis
902 1841 1028 1912 adjungi·
1042 1814 1064 1869 B
1079 1838 1211 1904 secunda,
1226 1854 1275 1894 aer
1288 1840 1397 1907 tertius,
1412 1842 1513 1897 culum
1525 1851 1705 1911 quartum,ut
1718 1858 1802 1913 super
1816 1858 1869 1899 om·

231 1942 287 1998 tur,
305 1932 369 2001 quia
388 1947 439 1987 nec
456 1930 529 1986 licus
550 1931 609 1987 sine
632 1931 779 2002 proximo,
807 1946 857 1986 nec
885 1932 1028 2002 proximus
1079 1927 1124 1983 nia
1140 1929 1287 1986 animaesit
1305 1939 1414 1987 natura.
1441 1930 1510 1987 Nam
1524 1941 1553 1988 et
1566 1932 1732 1989 Aristoteles
1746 1946 1868 2004 granum

231 2024 292 2079 sine
307 2022 363 2079 lico
376 2023 516 2094 diligitur,
534 2023 581 2093 qui
592 2022 665 2077 enim
680 2022 765 2077 ileum
780 2036 835 2077 nou
849 2021 947 2093 diligit,
960 2037 1028 2092 pro·
1079 2033 1180 2089 corpus
1192 2034 1253 2074 eam
1267 2021 1336 2078 dixit
1346 2038 1418 2091 esse,
1430 2033 1458 2079 et
1472 2022 1551 2078 Plato
1562 2025 1680 2079 nullutn.
1704 2025 1734 2080 Si
1747 2038 1868 2097 quartum

231 2114 338 2171 xlmunr
362 2124 493 2185 tanquam
509 2116 629 2185 seipsum
648 2129 703 2169 non
721 2114 819 2185 diligit,
836 2112 900 2184 qnia
916 2126 967 2168 nec
981 2128 1026 2168 se·
1078 2116 1245 2175 esset,eertc
1255 2112 1383 2181 superius
1394 2121 1468 2169 esset
1480 2113 1596 2169 caeteris.
1609 2112 1679 2169 Cum
1695 2115 1868 2170 veronullun

230 2206 322 2279 ipsum
335 2206 433 2279 diligit.
461 2206 509 2263 list
535 2207 635 2278 qnippe
659 2206 760 2277 impius
776 2214 803 2261 ct
825 2205 946 2275 iniquus.
973 2204 1026 2271 Qui
1077 2207 1129 2265 cst,
1141 2199 1322 2272 multomagis
1333 2212 1444 2271 superat
1453 2202 1556 2257 omnia.
1568 2201 1597 2257 ln
1612 2211 1800 2275 terrenocrgo
1810 2206 1869 2276 quid

231 2308 323 2354 autem
342 2298 432 2370 diligit
455 2298 648 2369 iniquitatem,
670 2298 750 2370 plane
772 2312 826 2352 non
847 2296 957 2368 diligit,
978 2296 1026 2352 sed
1079 2290 1287 2363 sacitcorpore?
1302 2293 1331 2348 ln
1343 2294 1396 2350 bac
1417 2294 1489 2350 rrroie
1508 2295 1574 2365 quid
1589 2296 1645 2366 agit
1668 2296 1799 2352 subtilior
1816 2313 1870 2352 om-

231 2390 289 2445 odit
304 2390 423 2445 animam
443 2406 532 2447 suam.
555 2390 707 2462 [illigamus
720 2404 771 2445 nos
787 2390 878 2459 itaque
890 2388 1024 2455 invicem,
1079 2383 1184 2438 rriltusl
1197 2382 1227 2437 ln
1241 2385 1294 2440 boc
1311 2385 1431 2456 pondere
1457 2386 1523 2456 quiid
1546 2386 1603 2456 agit
1622 2387 1710 2465 levior
1728 2388 1871 2443 omuibus?

230 2482 303 2537 siout
323 2497 374 2537 nos
389 2481 528 2538 Christus.
544 2480 606 2537 ldeo
624 2492 734 2552 propter
746 2480 832 2536 Deum
849 2480 1024 2546 habendum,
1077 2471 1107 2528 itt
1123 2472 1176 2529 hau
1194 2474 1324 2531 tarditate
1344 2475 1410 2546 quid
1425 2477 1481 2546 agit
1504 2475 1620 2532 celerior
1634 2477 1784 2532 omnibns?
1804 2478 1867 2533 itane

229 2582 258 2630 et
273 2574 405 2644 quidquid
430 2574 502 2629 aliud
529 2574 652 2644 praecipit
668 2574 815 2640 iaciemus,
831 2581 859 2627 ut
874 2572 962 2642 ipsius
977 2572 1025 2627 ad·
1076 2579 1126 2635 per
1152 2565 1235 2637 liuius
1263 2574 1320 2623 tam
1345 2566 1504 2623 excellentis
1530 2576 1637 2623 natrice
1662 2569 1794 2624 meritura
1818 2584 1866 2625 uon

229 2666 334 2737 jutoriu
348 2680 397 2735 per
412 2666 461 2719 bas
476 2674 538 2720 octo
556 2665 733 2719 ascensiones
753 2661 787 2717 ad
806 2677 869 2718 eum
886 2662 1020 2717 ascenda-
1075 2658 1404 2730 poteriteiilci,utcorpus
1415 2659 1476 2729 ejus
1489 2660 1593 2716 Ιιιιιιιι
1607 2662 1634 2716 in
1644 2659 1858 2717 eoelumlilteuu

229 2770 304 2811 mus.
321 2754 395 2810 inter
422 2756 480 2811 baec
507 2755 656 2811 videndum
682 2764 724 2811 est
750 2754 888 2825 quomodo
917 2764 1024 2809 terrena
1074 2750 1515 2820 valeatnuncuaturacurporum
1526 2759 1699 2807 terrenorum
1715 2752 1867 2818 depromere

229 2862 345 2917 corpora
357 2845 384 2901 in
396 2847 466 2902 coilo
478 2853 615 2902 maneant.
1077 2838 1136 2894 alas
1149 2840 1290 2907 deorsum,
1313 2840 1461 2912 aliquando
1474 2851 1503 2896 et
1517 2840 1617 2897 animae
1645 2843 1739 2897 levare
1766 2858 1865 2899 sursum

268 2938 337 2993 item
350 2939 480 3011 quomodo
492 2948 595 2995 terrena
610 2954 722 3010 corpora
734 2940 761 2992 iu
777 2937 840 2992 colo
853 2948 985 2992 manentis.
1076 2937 1182 2985 terrena
1205 2946 1320 3003 corpora
1343 2948 1398 2987 non
1421 2932 1572 2988 valebunt?
1587 2932 1734 2989 Postremo
1749 2949 1772 2987 ει
1783 2934 1817 2988 ita
1828 2944 1867 2987 est

267 3030 384 3088 Necesse
398 3040 453 3097 est,
472 3031 549 3087 aiunt
568 3030 695 3102 quidam,
713 3039 744 3084 ut
770 3038 877 3085 terrena
906 3042 1023 3098 corpora
1075 3020 1272 3077 elementorum
1283 3021 1353 3078 ordo
1362 3023 1560 3094 dispositus.ut
1569 3026 1723 3081 secuudum
1735 3023 1866 3081 Plamnern

229 3124 356 3180 naturale
382 3122 491 3193 putidus
515 3120 557 3178 vcl
579 3122 607 3176 in
638 3130 708 3175 terra
732 3126 824 3174 teneat
839 3118 881 3173 vel
895 3126 975 3189 cogat
988 3117 1022 3172 ad
1074 3112 1181 3169 duobus
1199 3114 1306 3182 merliis,
1332 3116 1419 3171 idest
1442 3130 1506 3172 aere
1519 3126 1547 3173 et
1571 3132 1661 3187 agua,
1677 3118 1734 3175 duo
1753 3128 1867 3175 extrema

229 3226 344 3272 terram.
371 3212 404 3267 Et
429 3214 491 3269 ideo
507 3212 533 3268 in
552 3214 622 3269 coelo
642 3227 703 3269 esse
721 3224 775 3266 non
796 3218 921 3281 possunt.
938 3208 1022 3264 Primi
1078 3206 1149 3274 ignis
1161 3215 1190 3261 et
1204 3216 1274 3262 terra
1285 3208 1446 3279 jungantur,
1459 3210 1521 3266 coeli
1535 3226 1648 3280 quoque
1672 3212 1811 3266 obtineant
1824 3210 1866 3265 illa

231 3308 334 3379 quippe
349 3306 387 3362 illi
402 3306 530 3362 homiues
553 3308 582 3360 in
602 3314 673 3359 terra
687 3311 767 3359 erant
781 3316 928 3359 nemorosa
944 3314 1026 3373 arque
1077 3297 1178 3351 summi
1193 3296 1295 3351 locum.
1309 3296 1372 3353 ilaec
1383 3308 1473 3355 autern
1490 3310 1557 3353 sunt
1575 3302 1652 3355 vetut
1665 3300 1865 3355 solidamentum

230 3400 395 3465 fructuosa,
425 3414 487 3469 quae
515 3396 633 3473 paradisi
659 3410 758 3451 nomen
786 3394 914 3451 obtinuit.
937 3392 970 3447 Et
991 3393 1026 3448 de
1077 3386 1125 3441 imi
1137 3388 1242 3456 muudi,
1254 3398 1280 3443 et
1293 3389 1353 3444 idco
1368 3390 1396 3445 in
1409 3391 1540 3445 coelonon
1552 3391 1865 3462 potestesscterra.i2ur

230 3489 601 3565 ponderibusclenruntorurn
611 3488 875 3559 sicargnmcntatur.
885 3485 1026 3557 (burgust.)
1076 3487 1119 3534 est
1131 3480 1202 3551 ignis
1213 3480 1240 3535 iu
1256 3480 1348 3536 terra?
1359 3480 1515 3537 Secundum
1528 3484 1601 3539 lianc
1613 3484 1713 3554 quippe
1721 3484 1866 3546 rationem,

230 3582 376 3653 Quomodo
388 3582 489 3638 scilicet
506 3581 637 3650 tnagistro
649 3578 762 3634 Platone
777 3578 932 3635 didicerunt
947 3592 1027 3631 niun·
1078 3572 1116 3627 ita
1140 3572 1193 3629 ista
1204 3573 1260 3629 duo
1271 3572 1406 3629 elementa
1417 3576 1444 3629 in
1457 3574 1525 3629 lucis
1540 3576 1670 3645 propriis,
1680 3577 1737 3630 imo
1748 3590 1780 3631 ac
1792 3590 1868 3631 sum·

231 3674 260 3729 di
283 3674 339 3728 duo
366 3688 480 3742 corpora
505 3672 625 3727 murima
649 3678 730 3742 utque
753 3680 893 3742 postrema
918 3668 1027 3723 duobus
1077 3678 1136 3731 mo,
1148 3674 1220 3720 terra
1231 3674 1259 3721 et
1271 3666 1343 3737 ignis
1355 3681 1416 3722 esse
1428 3666 1592 3733 debuerunt,
1602 3678 1632 3722 ut
1642 3666 1869 3738 quemadmodum

231 3762 342 3830 mediis,
358 3776 420 3818 aere
432 3762 536 3818 scilicet
555 3772 581 3817 et
597 3776 677 3831 aqna,
703 3774 765 3816 esse
794 3759 922 3829 copulata
945 3766 1028 3827 atquo
1078 3756 1214 3813 noluntiu
1233 3772 1343 3814 summo
1356 3772 1418 3813 esse
1433 3774 1516 3828 posse
1529 3759 1604 3830 quod
1616 3759 1665 3813 imi
1680 3767 1734 3825 est,
1760 3760 1796 3814 ita
1821 3774 1870 3813 nec

231 3854 427 3924 coniunctene
441 3868 489 3925 per
500 3853 553 3909 boc
566 3850 833 3923 inquiuntquonianr
848 3860 919 3906 terra
927 3849 1028 3905 abhinc
1079 3848 1106 3903 in
1122 3848 1179 3903 imo
1192 3864 1254 3905 esse
1271 3864 1351 3920 posse
1363 3850 1437 3920 quod
1449 3851 1551 3905 summi
1562 3859 1615 3906 cst.
1634 3850 1713 3907 Sicut
1725 3867 1791 3922 ergo
1808 3851 1869 3905 nul-

232 3960 345 4007 aursum
361 3960 457 4001 versus
467 3952 509 4001 est
520 3945 625 4015 prima;
640 3942 760 3999 secunda
776 3958 848 4013 aqua
868 3956 951 4011 super
970 3950 1027 3997 ter-
1078 3938 1135 3995 lam
1158 3948 1255 4011 putant
1273 3941 1316 3997 rel
1338 3954 1400 3997 esse
1423 3940 1466 3995 rel
1493 3940 1613 3997 loturam
1634 3957 1697 3998 esse
1711 3942 1869 4014 particulam

230 4052 307 4105 ram;
329 4036 425 4091 tertius
439 4052 487 4091 aer
501 4050 582 4107 super
598 4052 713 4105 aquarum
739 4042 869 4105 qrrartum
884 4048 969 4102 super
982 4046 1028 4088 ae·
1079 4038 1160 4087 terrae
1172 4032 1296 4098 lucceio,
1311 4033 1349 4087 ita
1367 4032 1470 4087 nullam
1486 4034 1649 4103 particulam
1668 4034 1762 4090 videre
1775 4033 1870 4088 debui-

233 4144 290 4184 rem
317 4128 428 4183 coelum.
451 4125 511 4181 Non
538 4136 629 4197 potest
650 4142 711 4183 esse
728 4136 867 4182 terrenum
884 4138 986 4193 eorpus
999 4124 1028 4179 in
1079 4139 1142 4181 mus
1155 4124 1226 4195 ignis
1240 4124 1268 4179 in
1282 4122 1459 4181 remallatio
1474 4140 1540 4179 vcro
1554 4141 1609 4182 non
1622 4128 1714 4182 sulum
1732 4127 1760 4182 iu
1782 4126 1871 4185 terris.

233 4220 313 4275 creto.
341 4217 487 4274 liomentis
506 4218 578 4274 enim
608 4216 727 4289 propriis
749 4223 779 4270 ut
798 4215 922 4271 ordinem
947 4230 1028 4270 suum
1081 4216 1270 4271 verumetiam
1289 4215 1434 4272 subternis
1456 4216 1493 4271 ita
1524 4226 1575 4272 cst.
1599 4214 1636 4273 tit
1658 4218 1733 4272 enirn
1752 4226 1873 4272 eructent

234 4318 345 4367 teneant
361 4310 495 4365 clementa
508 4309 654 4364 librantur.
663 4306 732 4363 Ecce
741 4306 870 4378 qualibus
882 4322 1029 4379 argumen-
1080 4308 1196 4363 vertices
1210 4308 1345 4363 montium
1357 4317 1468 4379 propter
1481 4308 1555 4378 quod
1569 4308 1597 4363 in
1613 4307 1712 4363 usibus
1730 4308 1872 4363 bominum

233 4404 270 4459 tis
284 4403 487 4473 omnipotentie
501 4401 548 4457 bei
565 4402 685 4456 bumana
697 4399 1028 4465 contradicitinirrmitas,
1081 4408 1108 4455 et
1120 4399 1283 4469 esseignem
1305 4399 1333 4454 in
1347 4407 1437 4460 terra.
1454 4410 1480 4455 et
1501 4400 1578 4454 nasci
1593 4399 1719 4455 ridemus
1740 4415 1775 4455 ex
1792 4409 1873 4459 terra.

233 4508 316 4567 guam
331 4494 453 4566 possidet
467 4493 584 4547 vanitas.
602 4492 673 4559 Quid
696 4509 761 4565 ergo
777 4492 880 4550 iaciunt
905 4494 933 4549 in
959 4508 1023 4549 aere
1038 4496 1062 4555 ll
1075 4490 1238 4566 quandoque
1252 4498 1279 4545 et
1298 4489 1505 4561 delignisetde
1526 4490 1664 4561 lapidibus
1684 4494 1820 4558 nascitur,
1828 4491 1873 4561 uiri

204 4596 210 4607 ·
232 4594 342 4643 terrena
353 4594 393 4640 tot
407 4598 532 4655 corpora,
546 4598 608 4638 rum
622 4600 637 4639 υ
653 4592 723 4639 terra
739 4584 774 4640 sit
797 4600 844 4640 aer
859 4582 1028 4647 ter·tius,nisi
1080 4592 1145 4638 sunt
1159 4597 1276 4653 corpora
1289 4583 1349 4638 sine
1362 4582 1533 4639 dubitatione
1547 4593 1667 4640 terrena.
1683 4583 1742 4640 Cur
1751 4600 1820 4655 ergo
1834 4598 1875 4639 ro

233 4678 305 4736 iorte
316 4680 363 4751 qui
378 4692 426 4750 per
439 4678 596 4749 plumarum
616 4686 644 4733 et
656 4694 799 4749 poenarum
815 4680 952 4735 levitatem
976 4678 1027 4733 do·
1079 4676 1139 4731 lunt
1153 4684 1183 4731 ut
1197 4678 1343 4733 credamus
1371 4686 1499 4733 naturam
1527 4692 1674 4750 corporum
1702 4689 1875 4735 terrenorum

234 4770 311 4827 navit
337 4770 428 4825 avium
449 4769 565 4826 terrenis
579 4770 757 4840 corporibus,
783 4778 813 4826 ut
832 4776 974 4842 portentur
998 4767 1027 4821 in
1078 4768 1876 4841 aliquandoincorruptibilem,lactamcoeluconvenientcm

235 4876 309 4930 aere,
339 4862 540 4918 immortalibus
567 4860 647 4919 laetis
675 4864 838 4935 corporibus
872 4861 1027 4923 bominum,
1079 4858 1221 4926 loturam,
1240 4860 1312 4916 sicut
1328 4861 1688 4931 nuncigniseorruptibilis
1708 4862 1754 4917 bis
1774 4876 1877 4916 conre-

235 4968 291 5009 non
320 4952 420 5024 poterit
446 4952 511 5009 dare
524 4953 656 5023 virtutem
681 4970 734 5027 qua
751 4956 778 5011 in
794 4956 864 5012 coelo
886 4953 968 5008 etiam
983 4966 1028 5005 va·
1081 4951 1121 5004 nit
1135 4949 1323 5007 turrislllibil
1336 4962 1464 5009 asserunt
1473 4968 1506 5008 ex
1522 4952 1692 5023 ponderibus
1704 4962 1788 5023 atque
1802 4950 1877 5007 urdi-
1974 4961 1975 4970 ¹

235 5044 311 5101 leant
336 5045 477 5102 babitaret
504 5044 571 5101 Nam
591 5064 653 5103 curn
681 5056 851 5105 terrenorum
868 5058 1027 5116 corporum,
1081 5054 1115 5094 ne
1144 5039 1352 5106 elementorum,
1370 5043 1443 5097 urrde
1465 5042 1649 5113 omnipotenti
1672 5042 1747 5109 ileo,
1766 5044 1879 5115 quomi-
1974 5105 1975 5108 Ἴ

237 5136 310 5193 sicut
333 5150 417 5192 onera
441 5136 575 5208 gestando
600 5140 701 5193 sentire
728 5136 942 5202 consuevimus,
962 5133 1028 5205 quia
1081 5147 1135 5186 nus
1148 5128 1230 5187 iaciat
1253 5146 1368 5203 corpora
1391 5142 1485 5189 nostra
1508 5134 1588 5201 talia,
1609 5142 1641 5190 ut
1658 5135 1786 5191 etiamin
1806 5135 1879 5189 creto
1974 5151 1975 5206 3

237 5237 341 5307 quanto
352 5230 491 5301 maiorest
504 5230 654 5300 prinninas,
666 5240 742 5286 tanto
758 5230 787 5285 lit
801 5230 888 5300 maior
898 5238 925 5284 et
939 5226 1029 5301 gravi·
1082 5221 1190 5290 possint
1205 5222 1338 5288 babitare,
1356 5224 1544 5293 praesmibant.
1974 5221 1975 5252 r

649 5422 704 5505 ΙΝ
736 5424 824 5503 ute
861 5422 1059 5501 sancto
1084 5412 1467 5496 rturucosrus

869 5558 1054 5623 Secundum
1070 5558 1238 5620 loannem.

280 5684 571 5761 usiqulsdiljgitme,
588 5698 741 5742 sermonem
757 5679 1034 5745 inconsonantes
1087 5675 1258 5735 mansionem
1284 5673 1357 5747 apud
1385 5686 1451 5729 eum
1469 5669 1612 5727 iaciemus.
1636 5669 1688 5737 Qui
1705 5683 1759 5727 uuo
1786 5667 1884 5737 diligit

241 5768 319 5831 Pater
334 5790 411 5830 meus
433 5762 527 5845 diliget
540 5792 613 5842 enm,
638 5786 663 5831 ut
684 5774 717 5828 ad
743 5786 805 5829 eum
821 5770 976 5837 veniemus,
998 5778 1025 5823 et
1080 5784 1134 5837 me,
1148 5784 1288 5828 sermones
1301 5782 1377 5826 meos
1390 5780 1445 5824 nou
1462 5770 1552 5823 serrat
1566 5761 1659 5835 (loun.
1676 5765 1766 5835 srvi.»
1788 5760 1883 5819 tudae
1973 5765 1974 5776 ¹
