4017 6342
139 327 206 385 {lib
609 343 898 402 durinnandans
916 345 966 402 SS.
988 347 1145 406 Plellill.
1167 379 1202 390 -
1220 350 1287 406 tin.
1309 351 1341 409 lt.
1719 358 1789 418 tlte

140 444 269 504 deorsum
285 462 340 519 est,
365 454 452 511 laturn
465 466 518 523 est,
538 457 675 528 breveque
690 461 718 517 iu
735 456 902 532 protundum
916 471 943 518 et
957 465 980 523 Α
994 463 1099 518 addidit
1108 463 1229 536 (Geri.r);
1243 474 1272 521 ut
1284 467 1519 538 ostenderetquod
1531 469 1655 525 similiter
1669 469 1788 528 iuratio-

141 539 174 595 ad
202 543 389 614 praecipitium
418 547 509 604 tacite.
544 548 607 606 ideo
635 550 763 608 Christus
785 552 941 622 exemplum
994 556 1050 610 nali
1069 565 1167 612 natura
1180 557 1254 628 qrrod
1268 559 1385 628 primum
1401 575 1462 616 esse
1480 562 1599 631 primum
1609 561 1787 630 laetumerat,

143 635 313 704 paupertatis
325 637 635 707 reliquit,utexouerati
647 642 755 698 sarcina
771 651 941 701 terrenarum
992 657 1086 716 postea
1098 657 1188 704 autem
1203 651 1347 720 puleluum
1363 667 1424 708 esse
1448 661 1475 709 et
1496 652 1648 710 formosum
1662 670 1737 723 esse;
1761 665 1789 712 ct

144 726 330 792 rerum,leres
342 730 525 786 asoeudanrus
539 747 588 800 per
600 733 717 789 arduum
726 734 879 803 exemplum
888 735 941 788 liu·
992 740 1092 796 melius
1105 741 1259 796 addendum
1274 753 1343 808 erat,
1364 752 1394 799 ut
1408 759 1462 800 non
1485 745 1568 800 nimis
1579 746 1744 816 gloriaretur
1756 747 1787 802 in

147 817 287 900 militatis,¹
296 825 327 872 ut
341 818 443 874 modici
460 820 520 875 siue
532 820 691 877 difficultate
705 832 880 878 transeamus
893 838 942 892 per
992 845 1025 886 eo
1037 832 1109 902 quod
1119 833 1219 888 bonum
1233 848 1350 903 prunum
1358 846 1511 906 acceperat,
1522 838 1610 893 sedad
1619 838 1685 894 illud
1694 837 1786 908 potius

148 918 252 964 ”illim
270 911 428 981 exemplum
447 912 595 982 liiiiffllilae,
615 927 649 967 ¹¹0
666 914 826 970 deficiemus
839 915 866 968 in
881 915 942 970 101¹·
992 921 1211 995 festinaretquud
1223 927 1421 996 posteamelius
1433 937 1654 1000 accepturaerat.
1665 929 1717 986 Sed
1729 931 1786 1000 pri-

146 1017 221 1072 gum.
235 999 396 1072 Exemplum
412 1003 580 1073 paupertatis
591 1003 664 1059 dedit
675 1020 737 1059 cum
749 1004 837 1060 dixit:
853 1004 941 1060 rl⁷ul=
992 1016 1148 1088 mogenitus
1165 1016 1284 1086 primum
1298 1019 1394 1074 dilexit
1409 1028 1439 1074 ut
1452 1020 1578 1089 perderet
1592 1021 1785 1088 nouissimum,

146 1107 194 1160 prs
220 1090 312 1147 f⁰i⁰¹i⁵
335 1093 449 1158 hibeni·
469 1102 495 1150 θῑ
512 1094 638 1150 mlieres
661 1095 723 1150 eoeli
750 1097 840 1162 nidos,
855 1095 941 1154 Filius
992 1115 1020 1162 et
1033 1107 1093 1161 idco
1108 1109 1269 1178 reprobatus
1280 1120 1321 1167 est
1333 1123 1359 1166 et
1371 1111 1415 1165 ille
1425 1111 1454 1166 iu
1469 1112 1539 1166 eoelo
1561 1120 1587 1167 ct
1599 1113 1625 1167 in
1640 1111 1786 1168 terra.Sed

146 1193 238 1239 antem
254 1185 372 1240 hominis
397 1186 550 1242 nonhabet
569 1187 808 1256 ubicaputsuum
829 1190 941 1245 rcctinct
992 1199 1037 1254 ille
1052 1200 1085 1254 du
1099 1201 1168 1256 eoelo
1182 1201 1287 1270 ejectus
1309 1203 1336 1257 in
1362 1211 1461 1258 terram
1486 1203 1625 1262 hominem
1649 1222 1699 1276 per
1716 1206 1786 1260 irrui·

146 1276 225 1342 (Lare.
242 1279 314 1349 ixl.»
330 1276 493 1348 Exeurplum
508 1279 671 1335 btrmilitatis
682 1281 767 1342 dedit.
778 1297 840 1336 enm
853 1283 939 1336 dixit:
991 1291 1065 1346 diam
1086 1293 1285 1362 supplantavit;
1301 1295 1353 1350 isra
1378 1295 1405 1348 in
1422 1303 1495 1350 terra
1517 1298 1650 1367 reprobus
1671 1297 1785 1352 ollamus

147 1367 274 1424 «Discite
300 1384 316 1423 a
340 1383 385 1424 mo
410 1369 475 1439 quia
499 1370 574 1424 mitis·
589 1386 651 1425 sum
672 1379 698 1424 ct
724 1371 835 1426 ituntiils
859 1373 941 1428 corde
991 1382 1104 1437 tratrem
1117 1399 1198 1438 suum
1215 1385 1329 1440 zelando
1349 1386 1459 1453 oceidit,
1474 1389 1538 1457 quia
1552 1390 1626 1444 enim
1641 1390 1696 1444 rita
1711 1389 1785 1446 illius

144 1460 258 1531 liiattlr.
282 1463 353 1531 xil.»
376 1461 538 1532 Exemplum
562 1462 702 1533 patientia·
722 1463 796 1518 dedit
818 1465 939 1534 quando,
991 1474 1082 1546 grauis
1094 1474 1119 1530 ei
1131 1473 1182 1530 luit
1194 1493 1201 1530 :
1215 1475 1275 1531 idco
1290 1476 1323 1530 ad
1337 1486 1452 1532 mortem
1467 1478 1541 1534 illius
1555 1479 1703 1536 festinarit.
1715 1479 1787 1536 Cru-

143 1569 210 1608 cum
223 1564 420 1624 percuteretur,
433 1571 488 1611 uon
504 1556 680 1626 repercussit,
693 1573 756 1612 cum
772 1557 836 1629 joco
854 1558 941 1614 caede·
991 1565 1116 1620 elabatur
1129 1567 1203 1620 euim
1219 1581 1337 1636 ricquam
1356 1568 1524 1625 conscicntia
1547 1569 1670 1640 quotidie
1689 1579 1786 1626 eontra

143 1655 233 1713 retur,
248 1647 397 1714 sustinuit;
411 1648 566 1719 exemplum
579 1649 759 1718 paupertatis,
774 1652 838 1719 quia
850 1649 877 1704 iu
889 1651 941 1704 troc
991 1671 1022 1712 se
1037 1656 1223 1714 testimonium
1239 1673 1355 1715 cernens
1367 1660 1538 1732 ritamjusti,
1553 1671 1581 1718 et
1597 1664 1678 1734 quasi
1692 1664 1784 1735 grauis

113 1777 119 1784 .
143 1739 253 1794 arundo
267 1739 377 1795 diuitias
390 1739 490 1796 habere
513 1740 614 1808 uuluit;
630 1741 786 1811 exemplum
801 1741 940 1796 liumilita·
992 1749 1017 1805 ei
1032 1749 1065 1804 ad
1079 1750 1223 1806 videndum
1237 1750 1299 1818 luit,
1317 1767 1350 1808 ex
1370 1752 1450 1822 cujus
1474 1755 1633 1824 paenitentia
1653 1771 1703 1811 sua
1715 1769 1783 1812 euu-

143 1830 193 1895 xis,
206 1831 272 1901 quta
285 1832 398 1902 gloriam
415 1831 526 1902 spi-eur,
540 1832 696 1900 exemptum
718 1833 863 1901 partemue,
875 1831 939 1901 quta
954 1827 1172 1896 Bnemnauuur
1200 1843 1314 1898 matina.
1344 1841 1449 1900 idcirco
1473 1844 1581 1900 autema
1607 1843 1744 1902 testinans
1767 1863 1784 1902 c

141 1922 221 1976 mala
236 1923 375 1978 sustinuit.
389 1919 457 1977 Cum
470 1921 630 1977 laudaretur
640 1936 694 1977 non
709 1922 864 1990 laetubatur3
877 1938 938 1977 cutn
990 1930 1081 1984 medlo
1096 1930 1196 2001 ipsum,
1211 1948 1245 1986 ne
1257 1948 1320 1988 eum
1337 1933 1441 1989 rideret
1452 1935 1486 1990 ad
1499 1934 1688 1992 confusionom
1704 1951 1784 1992 suain

140 2013 366 2080 malediceretur,
392 2028 448 2068 nou
474 2014 651 2080 tristabatut;
677 2029 740 2070 eunt
758 2023 937 2085 premeretur,
990 2037 1071 2092 quem
1083 2023 1174 2079 ridere
1185 2025 1272 2078 uoluit
1285 2024 1319 2080 ad
1335 2026 1530 2082 correctionem
1550 2037 1670 2082 suamet
1690 2042 1784 2082 emen-

140 2120 201 2158 non
219 2102 405 2175 frangebatur.
426 2105 472 2159 nit
487 2105 599 2175 quidam
613 2104 675 2160 illi:
694 2103 843 2174 «Magister
856 2105 937 2161 boue.
989 2112 1140 2179 dationem,
1155 2112 1273 2168 sortasse
1285 2114 1425 2170 estimans
1442 2126 1537 2186 postea
1548 2133 1602 2172 non
1618 2115 1677 2172 sore
1695 2117 1781 2172 Deum

141 2195 178 2250 lit
193 2197 342 2266 respoudit.
368 2195 440 2264 Quid
456 2212 500 2252 me
524 2197 592 2255 dicis
606 2198 755 2271 bertuini»
782 2197 880 2267 (ltere
897 2197 938 2265 x.)
989 2205 1125 2260 riudieeur
1136 2205 1299 2277 iniquitatis,
1313 2206 1336 2261 si
1348 2221 1402 2262 uon
1417 2217 1575 2276 superesset
1597 2208 1783 2278 homolustus

141 2285 216 2342 Ecce
226 2285 377 2344 humilitas.
392 2286 427 2343 Et
445 2288 492 2344 alii
516 2289 663 2345 dixerunt:
678 2308 688 2340 ι
702 2287 871 2345 Daemonium
889 2289 940 2344 ba·
989 2295 1067 2350 testis
1082 2296 1216 2351 ueritatis.
1229 2294 1276 2350 Sic
1292 2311 1357 2367 ergo
1368 2296 1436 2352 Cain
1449 2297 1608 2352 interlector
1626 2297 1718 2354 iratris
1731 2297 1783 2354 iia·

141 2377 203 2434 bes.
219 2377 254 2434 Et
273 2379 359 2436 dixit:
372 2379 430 2452 Ego
444 2380 611 2436 deunculum
631 2395 685 2435 uon
710 2381 807 2449 liabeo,
823 2381 871 2436 sed
887 2382 939 2436 lao-
988 2383 1098 2456 bylonis
1111 2384 1287 2441 luudauueuta
1303 2386 1405 2455 posuit,
1419 2386 1487 2441 Abel
1511 2397 1604 2442 autent
1619 2386 1783 2444 interiectus

141 2471 261 2526 noriuco
273 2468 380 2527 Patrem
395 2487 487 2526 meum
501 2471 593 2544 (daun.
609 2472 696 2541 unul.»
711 2471 782 2527 Ecce
794 2472 936 2542 patientia.
989 2476 1124 2544 sanguiue
1137 2489 1188 2530 suo
1206 2474 1356 2546 primordia
1370 2473 1539 2530 Hierusalem
1554 2476 1581 2529 iu
1597 2483 1669 2531 terra
1683 2492 1782 2534 couse-
1831 2479 1833 2481 ’

142 2562 258 2618 Etcum
280 2563 431 2634 requireret
444 2579 507 2620 euru
530 2564 658 2635 populus,
675 2573 705 2619 ut
719 2579 808 2634 regem
828 2562 937 2626 taceret,
989 2566 1086 2620 orarit.
1105 2565 1150 2620 stc
1163 2564 1261 2622 ismael
1271 2565 1470 2636 primogenitus
1483 2564 1617 2636 reprobus
1629 2564 1689 2634 luit,
1706 2566 1783 2622 lsaae

142 2653 192 2710 ille
206 2652 369 2709 humilitatis
381 2654 538 2724 exemplum
550 2654 632 2709 uubis
642 2654 801 2724 relinquens
816 2653 896 2725 sugit,
911 2663 939 2710 et
976 2668 1055 2712 'reru
1069 2656 1186 2724 electus;
1209 2655 1282 2712 Esau
1297 2670 1407 2726 quoque
1429 2654 1463 2710 ab
1478 2655 1645 2712 haereditatis
1661 2665 1734 2716 sorte
1754 2665 1782 2713 et

142 2745 262 2814 gloriam
278 2747 401 2816 spuerit:
413 2754 441 2802 et
459 2747 547 2802 multa
567 2745 679 2802 suntad
702 2747 761 2802 luce
774 2746 938 2816 pertinentia
989 2748 1064 2804 dono
1079 2747 1278 2804 benedictionis
1295 2746 1468 2817 reprobatur,
1481 2755 1508 2802 et
1519 2745 1605 2802 Jacob
1620 2749 1743 2819 diligitur
1753 2758 1782 2804 et

142 2839 281 2908 exempla.
989 2840 1119 2912 erigitur;
1147 2848 1175 2895 et
1204 2839 1351 2910 reprobato
1382 2836 1460 2894 Eliab
1483 2838 1676 2910 primogenito,
1699 2839 1782 2896 Dauid

181 2927 274 2984 Prima
298 2945 363 3002 ergo
388 2937 430 2986 est
446 2935 605 3000 paupertas,
631 2935 662 2982 ut
688 2926 849 2997 abjiciamus
864 2927 938 2998 qrrod
987 2930 1082 3000 junior·
1090 2931 1123 2986 ad
1137 2931 1211 3002 regui
1226 2931 1367 3002 fastigium
1380 2931 1553 2988 sublimatur.
1565 2931 1678 3002 Semper
1689 2942 1782 2988 autem

142 3031 252 3094 grarat,
269 3024 297 3078 in
314 3038 371 3095 quo
391 3030 433 3078 cst
455 3021 585 3092 percandi
605 3019 724 3076 occasio.
740 3018 775 3074 Et
789 3020 853 3090 quia
868 3034 938 3089 pau-
989 3023 1090 3078 milites
1102 3025 1202 3080 diaboli
1218 3023 1311 3082 lurore
1324 3033 1558 3096 pugnauerunt,ct
1570 3025 1670 3079 milites
1679 3024 1782 3080 derisu

142 3125 239 3188 pertas
250 3115 408 3186 despicitur,
420 3113 543 3184 sequitur
554 3111 705 3178 humilitas,
717 3126 772 3181 qua
785 3110 843 3181 ipsa
856 3110 937 3165 ctiam
990 3115 1119 3184 patientia
1134 3117 1235 3184 rieerc,
1247 3130 1337 3187 regem
1353 3132 1433 3172 suum
1457 3115 1624 3188 paupertatis
1645 3117 1739 3169 amore
1755 3125 1783 3170 et

142 3217 258 3280 propter
286 3205 432 3262 [lominum
455 3205 547 3260 uilitas
561 3211 679 3273 amatur,
701 3212 729 3258 ct
743 3203 808 3273 quie
827 3218 936 3258 rursum
990 3209 1153 3264 humilitatis
1176 3208 1267 3264 studio
1296 3216 1453 3278 sequentes,
1484 3207 1615 3279 patientia
1630 3215 1721 3262 autera
1747 3205 1783 3260 ad

142 3302 193 3372 qui
213 3299 275 3356 ritis
289 3309 331 3355 est
355 3299 414 3354 siue
426 3297 579 3354 reuerentia
592 3296 710 3363 luditur,
727 3295 882 3350 neccssaria
896 3305 939 3350 est
989 3297 1285 3370 ipsumperrenieutes.
1846 3297 1849 3304 '

141 3399 209 3460 post
231 3389 412 3445 bumilitatem
435 3388 577 3458 patientia,
611 3401 674 3441 cum
712 3384 803 3439 ornnia
825 3385 939 3441 adrcrsa
1115 3388 1245 3459 Eacurpla
1260 3389 1291 3444 de
1307 3389 1389 3444 uariis
1406 3387 1543 3459 generibus
1559 3388 1657 3442 auium.

142 3489 258 3550 peripler
272 3477 358 3534 Deum
374 3477 480 3534 lortltcr
500 3478 660 3532 tolerentur.
679 3475 829 3546 Paupertas
852 3475 938 3530 letenl
1026 3479 1170 3548 Quomodo
1180 3481 1209 3536 in
1225 3481 1352 3550 praesenti
1372 3480 1513 3552 et'ungeiin
1529 3480 1632 3536 mentio
1654 3477 1727 3534 lacta
1739 3487 1782 3532 est

141 3571 256 3627 tacitae
277 3571 444 3641 expeditum,
465 3569 608 3625 humilitas
631 3568 780 3633 nlntliettnt,
808 3566 938 3636 partienda
990 3575 1123 3629 ariumel
1147 3574 1306 3642 herbarum,
1332 3583 1422 3628 ratum
1439 3572 1569 3628 duximus
1595 3572 1731 3642 ailquade
1742 3572 1783 3628 eis

141 3663 245 3720 tortcm
257 3672 285 3720 et
297 3665 452 3720 robustum.
467 3662 587 3719 Econtru
598 3661 724 3716 diabolus
739 3675 804 3714 suos
819 3659 937 3727 primum
990 3665 1056 3720 huic
1069 3666 1144 3735 uperi
1159 3665 1279 3722 inserere
1295 3665 1329 3721 ad
1350 3666 1495 3722 utilitatem
1521 3665 1694 3722 moralitatis.
1711 3663 1784 3720 llicit

140 3756 304 3813 diuitiarum
315 3757 434 3827 pondere
449 3757 477 3810 in
488 3769 582 3810 amore
592 3763 620 3808 et
632 3753 661 3808 iu
675 3750 858 3808 sollicitudine
873 3766 939 3804 orte·
989 3756 1063 3811 cuiun
1080 3757 1176 3814 beatus
1192 3758 1354 3812 ¹imbroaius
1365 3761 1391 3812 in
1405 3757 1559 3815 Exaruerun
1570 3759 1604 3813 de
1618 3745 1782 3814 hirundine:¹

140 3857 191 3904 1²1
206 3849 376 3904 utdcorsum
397 3853 494 3913 ruaut;
515 3845 637 3901 secundo
651 3858 700 3914 per
721 3840 877 3910 superbiam
896 3841 939 3894 5¹¹·
988 3848 1114 3904 iliruulo
1134 3851 1287 3905 lirinuseula
1303 3864 1439 3919 corporo,
1458 3850 1506 3906 sed
1525 3849 1633 3920 egregie
1655 3848 1710 3920 pia,
1735 3864 1783 3905 su-

140 3944 205 4012 ssat,
220 3955 251 4000 ut
262 3961 310 4016 per
322 3945 406 4000 latum
422 3944 565 4008 incedaut;
579 3942 659 3996 tertio
677 3956 725 4012 per
738 3939 938 4007 impatientiam
989 3939 1200 3997 bliurisallcetu:
1211 3939 1369 4010 quaeiudiga
1378 3941 1783 4010 rerumomniumpretiosiores

140 4033 250 4106 trangit
264 4044 294 4089 ut
308 4035 363 4090 cito
379 4033 519 4089 deliciunt.
532 4030 565 4084 lii
584 4030 640 4085 duo
650 4029 742 4100 populi
757 4029 792 4083 ab
805 4027 883 4082 initio
896 4027 939 4081 sui
989 4047 1058 4086 auro
1072 4031 1150 4086 nidos
1175 4033 1267 4096 struit,
1280 4029 1344 4100 quia
1358 4029 1496 4100 sapienter
1513 4029 1640 4084 aedilieat.
1666 4046 1675 4080 r
1694 4027 1782 4086 Nidus

140 4128 216 4183 duas
228 4126 352 4182 civitates
365 4125 567 4180 aedilicareruut
582 4141 589 4177 :
602 4119 724 4194 Babylon
736 4136 752 4176 a
763 4119 832 4174 Cain
845 4120 937 4190 eoepit,
989 4123 1062 4178 enim
1080 4121 1221 4192 sapientiai
1237 4121 1380 4191 pretiosior
1397 4130 1441 4176 cst
1461 4135 1539 4176 auro.
1560 4118 1632 4186 Quid
1647 4119 1720 4175 cuim
1736 4135 1783 4176 sa-

140 4227 172 4275 et
189 4217 359 4274 llicrusalcm
373 4217 408 4272 ab
420 4215 498 4270 llbrl.
989 4213 1109 4285 pientius
1124 4229 1206 4284 ipram
1226 4221 1255 4266 ut
1267 4223 1294 4268 et
1307 4213 1414 4268 rolandi
1432 4227 1500 4284 vaga
1521 4210 1647 4267 libertate
1662 4211 1782 4280 potiatur

179 4310 292 4366 Primus
304 4309 378 4364 enim
395 4308 478 4362 lromo
496 4307 566 4362 duos
580 4305 675 4376 genuit
694 4304 773 4369 lilios,
794 4303 939 4360 divisionis
989 4316 1018 4364 et
1032 4289 1171 4362 irumiuum
1187 4306 1334 4362 domiciliis
1352 4303 1484 4375 parrulos
1500 4319 1566 4361 suos
1580 4313 1607 4360 et
1619 4311 1689 4360 tecta
1704 4317 1782 4360 eoru-

141 4402 321 4474 prineipium,
337 4409 364 4456 et
378 4401 522 4456 divisionis
546 4400 674 4470 signum,
698 4398 763 4468 quia
786 4397 832 4452 illa
847 4412 938 4452 massa
990 4403 1111 4469 mendax,
1127 4403 1172 4458 ulii
1186 4402 1309 4458 sobolem
1325 4401 1416 4462 nullus
1432 4399 1569 4454 incurset?
1584 4396 1651 4452 Nam
1676 4408 1702 4452 et
1714 4396 1781 4453 illud

141 4505 251 4550 naturae
268 4494 405 4558 bumanae,
420 4507 482 4563 ‹1⁰ae
494 4492 522 4546 iu
536 4491 595 4562 ineo
610 4491 729 4560 illituum
745 4504 793 4559 per
804 4488 939 4543 conditio·
955 4503 1034 4572 pest
1044 4495 1198 4565 pulchrum,
1215 4503 1245 4550 ut
1258 4510 1274 4549 a
1289 4493 1378 4563 primo
1393 4500 1455 4546 ortu
1469 4490 1560 4561 pullos
1574 4505 1639 4544 suns
1654 4488 1783 4542 liumauae

139 4603 210 4643 irem
225 4595 281 4640 tara
293 4585 403 4641 condita
417 4595 477 4640 erat
489 4583 524 4639 ad
547 4583 673 4654 gloriam,
692 4589 787 4652 postea
808 4595 857 4652 per
868 4596 939 4650 pru·
991 4602 1044 4642 usu
1062 4587 1281 4642 corruersatiouis
1303 4591 1455 4649 assuescat,
1470 4591 1498 4637 ct
1512 4589 1621 4652 praestet
1634 4581 1668 4635 ab
1689 4578 1783 4634 inimi·

138 4678 340 4733 rarieatiunetn
355 4684 412 4731 tota
426 4685 486 4731 erat
499 4675 607 4730 addicta
619 4673 654 4729 ud
668 4689 788 4744 poeuam,
805 4681 836 4727 tit
849 4680 941 4727 osted·
991 4695 1086 4736 earum
1096 4681 1188 4734 auitum
1202 4678 1311 4734 insidiis
1326 4677 1451 4732 tutiores.
1466 4674 1515 4730 Est
1528 4683 1618 4730 taureu
1635 4673 1701 4728 illud
1712 4687 1783 4742 prte-

138 4771 257 4826 deretur
269 4769 342 4840 quod
358 4767 546 4825 misericordia
558 4766 694 4822 etvcritas
704 4765 761 4835 iam
776 4774 840 4820 tunc
854 4763 939 4819 diuidi
990 4770 1108 4838 clarum,
1123 4785 1177 4840 qua
1188 4770 1275 4840 gratia
1284 4769 1382 4824 domos
1395 4767 1446 4823 sibi
1459 4766 1518 4822 siue
1531 4767 1783 4837 ulloadjutorctan·

139 4870 292 4932 eoeperunt
302 4863 330 4917 iu
343 4877 410 4919 rasa
423 4860 618 4918 misericordiae
628 4861 692 4915 etiu
703 4874 768 4914 rasa
779 4859 837 4924 irae,
850 4865 878 4912 et
891 4857 940 4912 ab
990 4877 1074 4932 quarn
1087 4863 1154 4916 artis
1163 4861 1250 4932 perita
1259 4869 1415 4932 componat.
1429 4859 1585 4930 Legitcuim
1598 4858 1782 4925 testucasorc,

134 4954 235 5026 iectus
260 4965 303 5010 est
317 4954 515 5026 primogenitus
538 4961 629 5018 terre,
657 4951 940 5022 sicutprimogeuitus
990 4947 1783 5024 easquelutoilliuit,utconglrrtiuarepossit.Sedquialu·

139 5046 209 5104 eoeli
225 5055 378 5114 corruerat,
398 5046 422 5100 si
436 5055 528 5100 tamea
544 5042 742 5115 primogenitus
754 5050 812 5097 erat
832 5041 879 5112 qui
893 5057 941 5113 ge·
989 5054 1048 5100 tum
1062 5043 1177 5116 pedibus
1189 5057 1243 5098 uon
1256 5049 1345 5113 potest
1354 5039 1470 5107 deterre,
1484 5039 1668 5098 summitatem
1680 5052 1783 5109 penua-

138 5140 224 5196 nitus
246 5155 302 5194 uon
323 5145 393 5194 erat.
418 5137 457 5193 nc
479 5137 540 5209 ipso
562 5135 636 5191 euim
665 5134 769 5191 dictum
789 5131 941 5202 estzrlpse
990 5129 1781 5206 rumapuaiuluudit,utlacilcirispulrisadlraercateldat

139 5229 313 5300 principium
328 5229 434 5284 riarum
448 5226 497 5283 net
512 5225 573 5300 (iob
584 5225 662 5298 xx).i
677 5224 711 5280 Et
722 5225 864 5295 reprobata
875 5229 941 5279 suut
990 5229 1084 5297 limas,
1097 5244 1152 5300 quo
1167 5226 1298 5298 paulatim
1316 5225 1448 5293 iestueas,
1459 5225 1501 5282 rel
1515 5225 1637 5280 minutus
1656 5221 1783 5278 surculos

139 5321 236 5394 prima
253 5334 283 5377 ut
293 5320 455 5378 ostendatur
466 5320 531 5392 quia
548 5318 612 5375 finis
626 5317 761 5390 principio
775 5315 939 5383 meliorest,
991 5321 1043 5377 sini
1056 5320 1176 5392 mitigat,
1203 5327 1285 5390 atque
1296 5319 1433 5375 adhaerere
1448 5316 1541 5374 iaciat.
1557 5313 1596 5369 Eo
1612 5327 1711 5386 genere
1727 5310 1783 5366 nidi

138 5417 213 5487 quia
226 5432 290 5488 quae
301 5417 471 5489 inprincipio
480 5414 552 5472 laeta
565 5422 640 5481 suut,
653 5430 670 5470 a
682 5413 815 5468 lleobona
829 5411 939 5483 quidem
990 5413 1076 5470 totius
1088 5410 1221 5468 fabricant
1232 5411 1325 5478 struit,
1337 5418 1367 5466 ut
1380 5409 1458 5482 quasi
1472 5406 1619 5478 pauimenti
1634 5402 1704 5468 solo,
1716 5402 1783 5472 pulli

136 5509 220 5568 laeta
235 5507 644 5578 suut,sedbouaincipientia;
661 5521 722 5578 quae
737 5515 827 5562 autem
844 5506 940 5562 iuliae
991 5505 1137 5577 ejusiutra
1155 5504 1227 5559 aedes
1244 5519 1309 5560 suas
1327 5500 1783 5560 siueoileusiuncrersentur‚nce
1818 5531 1819 5534 ι
1849 5499 1852 5506 ’

139 5601 273 5658 iacienda
290 5611 379 5669 eraru,
401 5602 474 5658 bona
497 5599 622 5656 iacienda
640 5606 729 5666 eraut,
743 5608 770 5654 et
785 5599 857 5654 bona
871 5613 940 5654 cou-
990 5597 1087 5668 pedem
1108 5595 1208 5666 aliquis
1232 5594 1377 5650 interserat
1399 5607 1447 5662 per
1466 5589 1579 5646 rimulas
1600 5593 1781 5653 texturarum,

138 5703 297 5750 siriumata.
308 5691 423 5764 Propter
438 5694 491 5749 hoe
507 5693 589 5750 etiam
610 5693 638 5748 in
664 5690 722 5762 ipsa
738 5705 829 5745 rerum
844 5690 940 5746 eondi—
992 5697 1040 5745 aut
1050 5686 1246 5760 teuerlsirigus
1257 5686 1367 5755 irrepat.
1381 5681 1433 5738 Sed
1445 5682 1498 5737 boc
1512 5674 1781 5734 iudustriaeollrcium

139 5785 222 5845 uriae
234 5783 355 5856 priunum
370 5782 512 5840 materiam
527 5782 600 5852 tecit,
609 5793 703 5852 postea
715 5780 831 5839 lormam
845 5796 939 5852 supcr-
992 5795 1231 5854 propeeomnrune
1242 5779 1337 5837 multis
1348 5777 1460 5846 aribus3
1473 5774 1540 5830 illud
1555 5786 1620 5830 rero
1633 5767 1781 5842 singulare,
