4017 6342
128 293 192 350 aega
890 280 978 338 l’lTA.
1685 283 1753 338 tzur

128 415 221 464 aerum
250 397 412 453 muliebrem
437 395 509 466 apud
532 395 717 469 Frarrcigenas
743 397 913 453 innotescere
926 405 950 460 Α
964 396 1034 452 visio
1057 396 1222 466 eor·poralis;
1249 391 1272 449 si
1295 394 1405 464 rqrrarsdo
1428 402 1520 450 essent
1537 393 1563 448 in
1580 391 1626 448 llei
1641 396 1752 450 serris-io

127 493 331 550 voluitservusn
349 488 405 544 liei.
428 486 604 543 Nirernensis
617 490 675 560 (ΞΕ)
686 489 913 545 enimcornitissa
963 486 1139 558 negligentes,
1153 498 1200 542 unt
1219 486 1254 541 ad
1275 483 1421 540 llatutinns
1441 484 1546 540 tardius
1559 484 1753 554 surreaissent,

128 599 188 641 rum
200 581 229 637 in
242 579 362 650 quodam
375 579 475 648 oppido
490 594 552 634 cnm
567 579 721 649 puellarum
739 579 913 649 militumque
963 576 1103 633 multoties
1116 578 1259 632 corisuevit
1269 576 1388 632 excitare
1401 578 1556 643 sacristam,
1575 592 1693 647 arguens
1709 594 1755 632 tre·

128 670 278 744 frequentin
292 678 461 737 moraretur;
475 686 539 725 cum
552 670 724 726 firmaculum
738 685 852 726 aureum
864 671 913 725 ira·
962 669 1095 740 gligentes
1119 677 1146 724 et
1159 670 1272 726 lrortaus
1290 671 1323 726 ad
1339 671 1451 725 irrelinra
1472 670 1595 726 devotos.
1615 667 1680 726 llaec
1700 683 1752 726 au·

126 769 203 824 beret
217 762 251 818 ad
265 761 368 816 collum
383 777 475 829 suum,
490 771 544 816 tam
562 764 623 818 anri
647 764 759 818 materia
774 779 856 834 quam
870 765 913 817 in·
962 768 1016 816 tens
1028 760 1062 816 de
1074 761 1130 814 vita
1141 760 1301 816 etmoribus
1316 761 1387 816 beati
1401 762 1452 816 uiri
1468 761 1538 832 stylo
1551 761 1612 816 rudi
1629 761 1680 816 snb
1694 761 1753 816 ivre

128 857 230 914 cisione
253 853 374 922 lapidum
402 854 566 923 pretiosum,
591 857 714 926 contigit,
732 865 763 910 nt
779 858 812 912 ad
828 859 912 913 deco·
960 853 1046 908 vitate
1067 854 1292 919 transcurrimus,
1313 855 1351 908 ita
1367 861 1495 908 curantes
1515 853 1620 908 devotis
1642 853 1753 908 satisla-

126 963 183 1005 rem
198 945 258 1014 ejus
272 943 470 998 ostendendum
483 954 510 999 et
529 947 658 1014 pretium,
680 947 770 1014 ipsum
790 947 911 1001 ablatum
961 959 1034 1008 ecre,
1060 959 1093 1000 ne
1116 943 1273 1002 fastidiosos
1292 939 1442 1000 'verborum
1465 946 1542 1014 copia
1563 959 1750 1014 gravaremus.

128 1039 160 1095 de
174 1035 245 1093 collo
265 1050 317 1090 suo
338 1043 445 1090 teneret
468 1036 495 1088 in
513 1037 643 1092 manibus
656 1037 772 1107 aliisque
793 1039 912 1094 traderet
961 1035 1058 1090 Omnia
1089 1051 1156 1090 vero
1184 1037 1336 1092 sanctitatis
1361 1037 1422 1106 ejus
1453 1046 1630 1093 nrorrunrenta
1659 1037 1752 1092 nullus

127 1128 313 1207 bajulandum.
327 1125 453 1193 Quicum
468 1141 551 1196 super
563 1127 697 1183 llrmaculi
709 1128 912 1198 pulchritudine
960 1127 1078 1190 aestimet
1096 1127 1219 1197 potuisse
1238 1129 1392 1192 conscribi;
1413 1127 1461 1182 sed
1480 1130 1547 1184 inibi
1563 1130 1669 1184 noverit
1688 1143 1754 1182 eve-

127 1221 301 1286 mimentur,
316 1217 599 1288 ipsumqnevlcissim
622 1219 759 1275 traderent
778 1230 911 1277 contuen-
961 1217 1047 1281 nisse,
1073 1220 1146 1287 quod
1171 1222 1258 1289 poetis
1281 1221 1415 1276 inertibus
1443 1224 1568 1278 accidere
1595 1223 1752 1286 consuevit,

127 1313 209 1377 dum,
233 1308 348 1380 contigit
371 1317 412 1374 ut,
438 1323 500 1364 cum
526 1308 561 1364 dc
583 1310 666 1364 rebus
687 1310 750 1366 aliis
764 1313 912 1366 miscerent
961 1317 992 1363 ut
1014 1324 1075 1364 eum
1098 1312 1240 1366 materiam
1254 1311 1327 1366 uires
1340 1327 1405 1368 suns
1429 1312 1604 1368 excedentem
1618 1327 1750 1382 praesum-

126 1401 271 1472 colloquia,
283 1400 508 1456 obliviscerentur
525 1400 670 1469 lirmnculi,
684 1402 756 1471 quod
772 1404 909 1458 tenebant.
960 1400 1074 1470 pserint‚
1105 1401 1227 1470 ejusdem
1258 1402 1329 1456 mole
1357 1403 1489 1473 depressi,
1519 1417 1574 1458 non
1607 1403 1753 1473 perllriant

125 1489 272 1544 Comitissn
294 1503 360 1544 vero
378 1503 491 1544 manum
517 1503 596 1544 snam
621 1491 733 1546 mittens
760 1491 910 1548 adcolium
959 1490 1034 1559 quod
1067 1499 1210 1561 coeperunt
1230 1510 1236 1546 :
1254 1492 1353 1562 ,sicque
1378 1507 1433 1547 nou
1464 1493 1552 1548 solnm
1581 1490 1678 1557 lrrdaei,
1704 1507 1751 1546 re-

126 1589 324 1648 snum,postea
336 1593 421 1648 qnam
435 1578 502 1634 illud
519 1581 653 1650 comperit
670 1591 833 1648 reseratum,
855 1582 910 1638 sol·
959 1582 1119 1637 rumellum
1136 1582 1284 1644 Christiani
1311 1585 1398 1640 nostri
1423 1584 1553 1654 tourpnris
1583 1584 1658 1652 sigua
1676 1598 1752 1652 qnae·

126 1672 201 1726 licite
211 1669 293 1739 coepit
302 1670 451 1740 inquirere,
460 1670 570 1725 eniuam
583 1670 725 1742 praeiatum
736 1674 908 1729 firmaculum
959 1679 1034 1738 ruint,
1062 1689 1124 1728 eum
1147 1688 1202 1729 non
1229 1674 1265 1730 sit
1288 1675 1420 1730 sarrotitas
1444 1673 1470 1728 in
1492 1674 1686 1729 rnirarulorum
1702 1690 1748 1728 os-

127 1763 302 1819 tradidisset:
318 1778 435 1832 cumque
447 1762 585 1834 sigillatim
599 1765 724 1836 requisiti
742 1766 809 1821 illud
825 1782 856 1822 se
871 1753 1095 1830 di-Btensione,
1121 1765 1168 1820 sed
1196 1766 1286 1835 potius
1316 1767 1343 1821 in
1374 1765 1532 1835 operatione
1557 1763 1676 1820 virtutis.
1709 1764 1749 1818 nd

127 1863 221 1908 errent
238 1867 292 1907 non
305 1853 413 1918 lralrere,
428 1854 511 1923 coepit
525 1864 649 1910 niatrona
666 1856 765 1914 nobilis
777 1857 864 1928 ntagis
876 1873 910 1914 ac
960 1855 1183 1913 satisfaciendum
1212 1859 1335 1927 utrisque
1359 1875 1446 1930 panea
1472 1860 1506 1914 de
1528 1859 1663 1929 pluribus,
1687 1874 1750 1928 qum

127 1950 214 2020 iringis
229 1948 321 2003 animo
331 1949 500 2004 conturbari.
517 1949 584 2005 Erat
598 1958 689 2005 notem
705 1953 820 2006 multum
836 1961 909 2009 stra·
959 1947 1089 2017 perillum
1100 1958 1229 2018 operatus
1246 1958 1287 2004 est
1298 1947 1747 2020 Dominus,tiresian-attingemus.

127 2041 208 2094 minis
230 2040 258 2093 in
272 2039 344 2106 loco,
358 2041 431 2110 quod
445 2042 574 2112 praecepit
596 2043 691 2098 eadem
708 2043 807 2097 mulier
821 2044 909 2098 venti·
996 2040 1040 2092 le.
1060 2037 1208 2110 Postquam
1233 2049 1324 2095 antem
1343 2040 1384 2094 vir
1405 2049 1516 2095 sarrietus
1542 2040 1611 2094 leliei
1632 2040 1748 2095 transita

126 2132 187 2195 luri,
198 2131 338 2186 lucernam
360 2133 522 2202 accendens,
533 2143 562 2189 ot
584 2134 749 2206 inquirendo
762 2143 846 2190 roiam
860 2136 910 2191 do-
960 2129 1087 2199 migravit
1100 2130 1134 2185 nd
1158 2130 1308 2198 Christum,
1325 2131 1407 2201 eoepit
1427 2131 1559 2186 uirtutum
1580 2131 1639 2202 ejus
1655 2130 1749 2200 opinio

126 2238 199 2276 nram
211 2232 347 2278 evertens.
364 2222 417 2280 Sed
434 2240 497 2279 cnm
510 2226 575 2281 illud
590 2227 662 2297 qnod
677 2228 825 2298 quaerebat,
839 2227 910 2282 inve-
959 2220 1040 2292 longe
1053 2222 1161 2294 lateque
1185 2203 1310 2289 dinnndt,
1329 2232 1356 2277 et
1379 2239 1463 2294 prope
1480 2233 1539 2279 erat
1561 2223 1692 2280 llonrinus
1708 2224 1749 2277 in-

126 2312 184 2366 nire
197 2326 251 2366 non
275 2322 379 2382 posset,
406 2314 496 2384 puella
511 2315 722 2386 quaedamque
743 2316 771 2371 in
785 2316 845 2387 ejus
857 2316 909 2372 ob·
959 2313 1122 2370 vocantibus
1136 2329 1235 2370 nomen
1253 2315 1352 2370 saneti.
1369 2313 1450 2371 Βειιιι
1472 2331 1583 2386 quoquc
1603 2314 1650 2369 Dei
1670 2316 1748 2386 geni-

125 2403 218 2472 sequio
229 2411 299 2466 erat,
316 2404 432 2459 accessit
446 2405 479 2458 ud
493 2404 579 2471 illam,
595 2407 819 2462 constantissime
834 2422 910 2464 assc-
960 2404 1025 2472 trix,
1037 2421 1099 2476 quae
1111 2405 1163 2460 sibi
1178 2405 1390 2476 desponsaverat
1406 2408 1495 2462 virum
1510 2406 1568 2476 liei,
1581 2408 1645 2464 durn
1660 2407 1749 2462 adbuc

124 2508 186 2547 reus
202 2492 315 2562 quodsi
338 2495 448 2550 beatum
465 2494 614 2551 Roltertum
637 2495 754 2552 tideliter
777 2497 909 2569 implora·
960 2495 1031 2551 uteri
1043 2497 1158 2552 materni
1176 2497 1349 2554 clauderetur
1370 2499 1515 2570 angustiis,
1529 2500 1654 2570 gratiam,
1666 2513 1748 2570 quam

124 2593 172 2650 ret,
196 2585 271 2639 idem
289 2595 401 2640 satietas
414 2587 439 2641 ei
455 2587 515 2642 siue
537 2588 622 2643 dubio
644 2587 768 2643 redderet
781 2589 910 2646 llrmaen-
961 2589 1138 2660 singulariter
1158 2593 1264 2661 accepit
1284 2609 1299 2648 a
1319 2591 1446 2660 Domino,
1470 2595 1675 2652 oonrrrrnnicnre
1694 2609 1751 2649 non

122 2675 177 2730 lum
188 2691 283 2731 suurn.
297 2676 382 2746 Cujus
397 2678 513 2733 consilio
523 2679 664 2736 comitissa
674 2680 791 2736 iideliter
803 2683 911 2753 acquie-
960 2679 1068 2738 desistit
1079 2697 1158 2738 servo
1173 2699 1234 2740 suo.
1258 2682 1326 2738 Nam
1345 2700 1360 2739 a
1375 2684 1419 2740 die
1436 2684 1526 2739 caitus
1540 2685 1612 2740 beati
1637 2683 1751 2740 Rnberti

122 2780 210 2833 scens,
225 2783 339 2822 cereum
367 2769 546 2824 inhonorem
570 2771 643 2826 beati
665 2769 778 2828 liuberti
802 2774 910 2829 abbatis
960 2785 1103 2842 coeperunt
1134 2775 1265 2830 miracula
1296 2776 1462 2832 ereberrime
1488 2777 1547 2831 lieri
1576 2777 1604 2831 in
1634 2776 1750 2831 ecclesia

123 2859 230 2914 accendi
241 2859 338 2930 jussit.
356 2859 434 2926 Quod
447 2877 509 2917 cum
522 2861 623 2918 iactum
636 2863 742 2930 luisset,
756 2871 848 2921 statim
863 2879 910 2921 co-
960 2862 1139 2932 llolismensi,
1155 2882 1237 2936 quarn
1254 2867 1325 2921 idem
1347 2867 1390 2920 vir
1410 2877 1521 2923 sanctus
1547 2875 1749 2932 construxerat,

122 2966 179 3005 ram
192 2967 294 3021 magna
308 2951 395 3022 plebis
414 2952 588 3009 multitudine
608 2953 781 3009 lirmaculum
799 2954 833 3010 de
847 2969 909 3026 gre·
962 2954 989 3009 in
1001 2956 1132 3012 honorem
1145 2957 1268 3027 ejttsdem
1283 2956 1414 3030 l'irgiuis,
1428 2959 1472 3014 rui
1492 2975 1506 3014 a
1527 2960 1653 3029 primaeva
1671 2968 1749 3016 utute

122 3044 176 3098 snio
188 3044 250 3114 ejus
264 3044 404 3098 inventurn
418 3053 470 3098 est.
486 3043 679 3099 Convenerunt
691 3053 745 3098 mm
760 3044 813 3099 viri
826 3061 909 3115 quam
923 3088 944 3143 C
961 3057 1049 3103 totum
1065 3063 1096 3102 se
1116 3049 1237 3116 dederat,
1253 3058 1280 3104 et
1302 3049 1447 3105 devotione
1475 3051 1607 3106 servierat
1626 3051 1747 3122 speciali.

120 3137 260 3203 rnuliereS,
275 3151 325 3206 pro
338 3145 413 3192 tanto
426 3137 560 3192 miraculo
575 3136 660 3192 licum
676 3137 869 3207 glorificantes,
882 3147 910 3193 et
960 3137 1064 3195 Divinae
1093 3140 1175 3210 igitur
1212 3141 1424 3210 dispensatoriis
1457 3142 1542 3212 gratia
1580 3139 1606 3220 in
1640 3155 1748 3196 onmem

121 3231 207 3299 ipsum
220 3229 259 3285 de
273 3229 304 3283 B.
319 3228 439 3284 lieberto
458 3228 563 3284 tumulo
584 3243 636 3284 suo
647 3229 799 3285 mirabilem
812 3231 911 3300 praedi·
961 3220 1061 3283 terrain
1093 3231 1282 3301 promulgante
1315 3230 1457 3298 miracula,
1491 3245 1552 3300 que
1584 3229 1656 3288 Deus
1689 3247 1750 3286 οιιι-
1813 3309 1815 3312 Ι

121 3331 219 3378 cantes.
234 3321 400 3376 llocautem
421 3320 584 3376 miraculum
605 3330 660 3375 tant
679 3320 785 3374 celebre
806 3318 908 3376 iactum

121 3426 169 3483 est,
188 3427 218 3473 nt
242 3418 405 3489 quicunqne
426 3416 454 3470 in
479 3424 535 3470 tota
560 3414 673 3485 regione
689 3413 735 3468 illa
758 3415 907 3485 quidquam

121 3514 251 3575 sinisera,
269 3511 303 3565 ad
326 3509 376 3564 riri
401 3509 446 3564 liei
465 3508 597 3562 auxilinm
619 3505 768 3578 coningere
780 3522 835 3561 non
851 3522 910 3561 nro-

120 3615 202 3673 retur,
218 3603 303 3660 etsie
324 3618 393 3668 rem,
412 3617 494 3672 qnam
518 3601 594 3670 prins
609 3599 748 3665 amiserat,
764 3598 824 3653 sinc
839 3598 909 3652 dila·

120 3699 192 3752 tinne
205 3696 333 3766 recipiat.
349 3693 404 3749 Nec
420 3693 519 3748 mirum
532 3692 555 3747 si
570 3692 613 3746 vir
627 3698 739 3746 sanctus
751 3689 778 3743 in
800 3696 909 3744 restau-

120 3791 224 3845 ratione
250 3804 343 3844 rerum
359 3788 523 3844 amissarum
544 3784 686 3854 accepite
711 3782 827 3838 Domino
848 3797 911 3853 gra·

121 3881 185 3936 tiam
199 3880 379 3950 singularem,
393 3894 456 3934 cnm
478 3877 537 3947 ipse
547 3875 657 3930 lucerna
671 3873 707 3928 sit
721 3871 748 3927 in
760 3872 843 3929 domo
855 3874 911 3928 llo·-

122 3973 187 4026 uriai
204 3972 306 4028 ardens
324 3981 351 4026 et
364 3971 470 4035 lucens,
482 3977 513 4024 nt
526 3969 629 4038 quique
639 3965 673 4022 ad
694 3966 771 4020 illum
784 3957 910 4022 accesse-

121 4065 167 4131 rit,
178 4063 360 4128 illuminetur,
375 4070 402 4117 et
414 4077 462 4132 per
476 4061 552 4115 illurn
568 4060 698 4116 drachma
711 4058 817 4129 perdita
832 4073 910 4128 repa-

121 4164 198 4210 ratur
213 4157 248 4231 [Ι.
264 4155 430 4226 rrperiatur;
445 4153 497 4218 rita,
512 4149 677 4223 reparetur}

156 4250 201 4304 lb.
214 4247 335 4316 Expletis
346 4256 438 4301 autem
453 4261 487 4300 ex
500 4257 577 4300 more
595 4242 667 4298 circa
689 4241 761 4297 beati
781 4242 831 4296 viri
852 4255 910 4296 cor·

960 3321 1087 3393 nipotens
1118 3323 1245 3392 preeilrns
1277 3339 1334 3379 suae
1359 3325 1455 3380 irtatris
1481 3333 1509 3379 et
1539 3324 1609 3380 beati
1637 3323 1749 3380 liuberti

959 3411 1066 3468 meritis
1091 3411 1197 3481 operari
1223 3412 1349 3481 dignatus
1376 3423 1418 3467 est
1445 3413 1472 3468 in
1508 3411 1628 3468 Ecclesia
1656 3413 1751 3469 llnlis-

959 3505 1059 3569 mensi,
1074 3505 1157 3575 coepit
1178 3505 1360 3576 undequaque
1383 3506 1504 3577 gentium
1527 3505 1664 3561 confluere
1679 3507 1752 3562 ritui-

960 3596 1059 3651 titudo.

995 3687 1039 3740 ΙΙ.
1057 3686 1163 3742 decidit
1175 3698 1264 3742 antem
1278 3688 1350 3758 qnod
1366 3688 1491 3758 quaedam
1513 3689 1613 3744 mulier
1633 3704 1753 3760 pauper-

960 3779 1033 3842 cula,
1050 3778 1153 3832 caduco
1179 3779 1307 3834 laborans
1335 3780 1521 3846 incommodo,
1548 3781 1581 3836 nd
1606 3782 1751 3836 eeclesiam

960 3857 1162 3925 llolisntensem
1184 3871 1279 3924 venire
1296 3869 1464 3938 disponeret,
1481 3871 1611 3924 auxilinm
1630 3888 1644 3926 a
1663 3872 1751 3928 llatae

961 3961 1070 4016 Domini
1084 3971 1110 4015 et
1134 3961 1215 4016 beato
1230 3959 1350 4015 lieberto
1371 3959 1431 4028 ejus
1455 3961 1559 4016 taurulo
1587 3963 1750 4032 quaesitura.

960 4051 1117 4120 assumptis
1142 4050 1226 4121 igitur
1248 4065 1341 4106 secum
1361 4049 1468 4105 duobus
1483 4051 1615 4120 puerulis,
1631 4067 1751 4122 quoram

959 4142 1073 4197 altered
1088 4143 1148 4212 rjais
1165 4143 1299 4212 pendebat
1314 4143 1409 4209 ultera,
1434 4143 1501 4196 alter·
1513 4158 1577 4198 vero
1591 4159 1686 4211 gressu
1703 4145 1751 4200 de·

961 4234 1007 4288 bili
1024 4232 1118 4290 matris
1130 4233 1244 4303 vestigia
1265 4232 1440 4302 sequebatur,
1453 4233 1504 4287 iter
1518 4235 1693 4304 prosequitur
1703 4235 1751 4290 ‹lr-

120 4355 172 4410 pus
189 4340 340 4408 exsequiis,
354 4338 430 4408 gleba
444 4337 489 4392 illa
502 4333 701 4391 sanctissimas
717 4333 815 4400 vicinis
826 4332 910 4388 ubba·
961 4327 1102 4382 stinctum.
1118 4325 1249 4382 inclinata
1271 4335 1360 4380 autern
1372 4326 1428 4394 ianr
1443 4326 1496 4394 dir,
1520 4326 1593 4380 venit
1606 4327 1639 4380 ad
1655 4343 1750 4384 cutoria-

119 4433 206 4498 tibae,
224 4432 340 4502 aliisque
361 4428 517 4485 reverendis
538 4426 664 4496 personis
685 4425 719 4479 ad
743 4424 794 4478 boc
818 4423 908 4492 ipsum
924 4415 947 4471 Ι)
961 4416 1074 4473 sterium
1086 4417 1197 4484 Quincei
1209 4415 1277 4486 (att),
1290 4416 1436 4486 ltospitium
1455 4415 1613 4471 ttretirlieaus
1627 4433 1642 4474 a
1654 4433 1750 4475 irretra-

119 4525 303 4596 congregatis,
322 4521 512 4579 venerabiliter
529 4518 679 4576 esttradita
701 4515 864 4587 sepulturae;
883 4524 911 4570 et
961 4509 1044 4576 riris;
1069 4507 1115 4564 sed
1133 4508 1196 4577 qnia
1223 4508 1332 4578 illorum
1362 4507 1472 4562 traditio
1494 4507 1564 4560 intra
1594 4509 1662 4563 lines
1684 4524 1750 4567 suos

119 4620 148 4671 in
167 4617 285 4672 ecclesia
299 4615 330 4670 ΙΙ.
343 4614 472 4685 Virginis,
486 4627 568 4682 qnam
590 4610 689 4680 ipsein
704 4607 836 4662 bonorem
849 4605 911 4675 ejus
960 4616 1057 4656 sexum
1082 4600 1242 4656 muliebrem
1258 4614 1313 4654 non
1338 4600 1466 4662 admittit,
1483 4599 1625 4670 ‹eonrpnlsa
1641 4610 1682 4654 est
1697 4601 1749 4654 mi·

120 4707 294 4768 luadaverat,
316 4703 467 4757 honorifice
489 4701 632 4756 tramutata.
657 4698 729 4754 Deus
746 4705 837 4751 autem
851 4711 909 4751 oar-
960 4707 1022 4747 sera
1046 4692 1143 4746 mulier
1167 4693 1230 4746 inde
1254 4693 1385 4747 recedens
1401 4690 1428 4744 in
1451 4706 1563 4745 nemore
1576 4699 1748 4760 perrtmtare.

117 4797 261 4865 nipotens,
291 4802 320 4849 ut
345 4802 408 4864 post
434 4793 525 4848 earnis
548 4791 745 4861 depositionem
775 4787 908 4843 iarrrulnm
959 4781 1046 4839 Porro
1058 4798 1123 4838 casu
1138 4783 1249 4838 fortuito
1265 4781 1355 4867 iocum
1369 4783 1480 4852 reperit,
1497 4797 1578 4853 quern
1606 4783 1639 4860 do
1661 4781 1751 4852 sopito

118 4905 203 4946 snum
225 4886 256 4942 ll.
272 4886 420 4941 llobertum
442 4887 533 4940 vivere
545 4883 743 4952 comprobaret,
759 4880 909 4936 multorum
960 4877 1052 4932 cincre
1071 4875 1263 4940 reaccendens,
1279 4889 1342 4928 curn
1357 4873 1465 4929 dnobus
1480 4873 1601 4944 parvulis
1616 4873 1654 4928 ibi
1668 4889 1749 4929 marr-

119 4982 194 5036 enim
220 4978 414 5034 miraculorum
433 4976 520 5045 gloria
543 4973 689 5030 decoravit.
710 4971 784 5027 ldern
800 4984 910 5041 quoque
960 4967 1103 5022 sitalledia
1116 4977 1205 5021 atatem
1219 4975 1299 5020 necte
1310 4965 1390 5034 lupus
1403 4965 1524 5033 advenit,
1536 4967 1564 5019 e't
1574 4979 1636 5019 cnm
1652 4966 1751 5021 mulier

120 5073 163 5126 vir
177 5083 303 5139 sanctus,
316 5081 344 5126 nt
357 5069 549 5126 seostenderet
564 5081 656 5121 ericam
672 5079 766 5134 gerere
779 5063 908 5127 saliorum,
959 5072 993 5113 ex
1012 5073 1066 5111 uua
1082 5056 1151 5126 ignis
1164 5063 1241 5126 parte
1253 5053 1371 5121 sederet,
1386 5054 1505 5110 erudelis
1519 5054 1607 5112 bestia
1622 5056 1649 5110 in
1665 5057 1749 5111 altera

119 5167 204 5221 etiarn
215 5173 361 5234 postqrmm
379 5163 517 5218 subtracta
533 5167 574 5214 est
585 5158 618 5212 ab
630 5172 726 5213 eorum
737 5156 834 5224 oculis,
850 5156 910 5228 ejus
961 5148 1097 5205 recubuit.
1118 5147 1178 5214 Quin
1191 5148 1262 5214 viso,
1280 5147 1378 5202 mulier
1390 5146 1473 5202 ironti
1491 5161 1549 5204 suae
1564 5150 1672 5218 signum
1686 5163 1747 5203 eru-

155 5365 215 5438 tert)
229 5364 325 5419 Fuerit
334 5363 391 5417 baec
407 5356 621 5415 uxoanillelrni
637 5355 681 5422 ΙΙΙ,
700 5356 747 5425 qni
765 5354 849 5425 hujus
865 5369 911 5410 ro-

961 5351 1040 5406 uxori
1065 5350 1199 5407 Guillelmi
1223 5347 1268 5412 ΙΙΙ,
1298 5348 1445 5402 nominatae
1466 5347 1494 5401 in
1517 5343 1635 5416 quadam
1654 5341 1750 5397 cbarta

120 5439 237 5494 mitatus
249 5437 321 5490 inter
333 5430 515 5503 burgundiam
541 5442 575 5483 ac
591 5426 707 5497 Ligerim
727 5425 785 5491 siti,
799 5433 827 5479 et
838 5440 911 5481 nnnc
960 5421 1160 5478 Pontiniaeensi
1175 5435 1247 5474 anno
1258 5419 1335 5474 libii.

121 5511 148 5562 in
165 5510 296 5563 dirrutum
309 5502 444 5565 conversi,
461 5499 571 5554 titulum
589 5498 678 5552 tenuit
690 5497 724 5550 ab
738 5510 811 5548 antro
829 5495 909 5550 circi-

121 5588 163 5632 ter
179 5577 249 5632 ΙΙΙΙΙ)
264 5573 458 5643 adlataque
479 5568 641 5640 grandaevus
664 5578 691 5622 et
711 5566 783 5634 apud
794 5565 912 5620 Cartlnr·

122 5649 218 5702 siauos
233 5659 384 5703 conversus
404 5641 491 5696 obiit:
518 5639 614 5693 uxoris
634 5652 731 5691 riorneu
758 5635 909 5705 ignoratur.

121 5717 180 5773 litat
195 5717 265 5773 iortc
277 5716 366 5772 serius
384 5712 547 5766 miraculum
560 5709 671 5776 contigit
688 5703 910 5778 renuntiaremus,

996 5491 1053 5562 (aa)
1066 5490 1094 5545 ln
1108 5489 1220 5544 dioecesi
1236 5487 1401 5556 Lingonensi
1417 5483 1581 5552 Quinecium
1605 5491 1749 5538 monaste·

961 5563 1043 5625 rium,
1058 5561 1139 5630 rulgo
1153 5558 1266 5628 Quinrg,
1281 5558 1423 5611 laudatum
1452 5570 1524 5608 anne
1546 5553 1616 5608 libb
1642 5554 1749 5608 ordinis

961 5641 1003 5685 est
1032 5628 1236 5692 cisterciensis;
1264 5627 1403 5680 divorsum
1424 5622 1614 5690 aQuineiaeu,
1640 5631 1749 5678 vetusto

962 5702 1041 5770 plane
1055 5698 1126 5768 apud
1139 5697 1264 5754 Pictavos
1274 5695 1410 5759 coenobio,
1418 5694 1505 5776 vulgo
1520 5693 1650 5768 Quincug.
