4017 6342
242 264 305 379 ili
793 309 1126 371 manumissurus
1145 310 1175 367 S.
1194 306 1309 366 suasit
1823 314 1877 374 720

240 431 321 491 multi
341 440 456 491 redeunt
472 446 520 504 per
536 431 636 487 multas
654 437 741 487 terras
756 428 840 500 hujus
855 430 943 487 nostri
957 428 1033 486 ordi·
1045 429 1070 488 A
1082 424 1206 497 quotidie
1219 422 1342 496 graviter
1355 422 1525 495 lacerabunt,
1539 426 1575 497 ei,
1593 434 1691 485 contra
1709 426 1877 500 dispositum

240 525 285 581 nis
298 523 469 590 salvatoris;
484 522 541 593 jam
561 520 686 593 regiones
697 521 764 577 albae
778 529 842 577 sunt
855 521 889 577 ad
901 536 1029 579 messem.
1081 516 1155 584 lidei,
1171 530 1235 573 cum
1249 514 1359 574 leminis
1378 517 1504 575 babitare
1514 520 1680 587 oontendis;
1700 527 1730 575 et
1743 521 1821 591 quia,
1844 531 1877 579 ut

239 613 328 682 Unde,
354 614 452 670 iratres
477 612 639 680 dulcissimi,
663 628 712 669 ros
738 614 881 669 hortamur
903 614 950 685 qni
974 625 1030 671 tam
1081 609 1211 677 arbitror,
1224 608 1396 680 concupiscis
1416 609 1665 683 irreprehensibilis
1679 612 1811 680 inueniri,
1833 622 1877 671 tc-

237 706 400 777 praeclarum
416 704 539 761 ordinem
558 704 729 775 suscepistis,
753 712 887 775 quatenus
908 720 1032 761 summo·
1081 700 1212 757 stimonio
1225 701 1298 756 bono
1312 701 1389 757 muni
1404 711 1440 758 te.
1460 701 1591 773 Nunquid
1605 704 1635 759 iu
1654 704 1743 759 cboro
1763 715 1877 775 npoeto-

237 812 303 867 perc
317 796 434 866 vigiletis
448 793 536 864 utqui
550 794 647 852 ordine
661 806 688 851 et
709 796 803 853 babitu
824 797 909 868 fulget
926 796 1031 869 incor-
1081 794 1172 849 lorum
1186 792 1296 849 leminae
1310 792 1479 850 adiueruntl
1499 794 1621 851 Prohibe
1640 795 1762 866 virgines
1781 803 1874 853 tecum

237 901 315 957 pore,
328 887 500 958 resplendeat
515 886 598 943 etiam
615 887 643 941 in
657 888 737 945 robis
750 889 779 943 in
795 889 897 945 urentis
910 888 1030 961 puritate
1081 884 1259 953 commorari,
1275 885 1381 955 quade
1402 902 1500 957 genere
1519 894 1568 942 tuo
1587 902 1645 942 non
1661 895 1738 954 sunt,
1755 888 1873 955 nedum

236 985 265 1033 et
276 976 374 1033 decore
390 976 462 1045 uitae,
477 984 614 1048 quatenus
625 977 681 1033 uita
702 980 850 1035 concordet
860 994 922 1034 cum
939 979 1030 1034 norni-
1080 976 1251 1033 secretaliter
1269 991 1302 1032 ae
1323 977 1400 1033 solus
1417 977 1580 1050 ingrederis,
1604 982 1728 1037 macules
1749 979 1874 1036 testimo-

234 1080 280 1135 ne,
296 1064 433 1137 professio
447 1066 580 1123 sentiatur
604 1065 739 1137 inopere.
759 1067 841 1125 Decet
859 1068 932 1139 enirn
948 1077 978 1125 ut
995 1069 1030 1125 de
1079 1067 1157 1121 nium
1173 1077 1261 1122 tuum.
1277 1067 1364 1122 Aliter
1376 1082 1495 1138 namque
1516 1068 1666 1139 coniugati,
1683 1070 1763 1125 aliter
1781 1070 1873 1125 eonti-

127 1140 131 1149 ’
234 1158 314 1227 robis
330 1158 466 1214 veraciter
480 1159 608 1216 dicatur:
625 1158 679 1216 llos
694 1160 761 1217 estis
780 1160 827 1215 lux
849 1160 955 1228 mundi,
979 1174 1029 1217 vos
1079 1166 1175 1213 nentes
1186 1158 1559 1215 edocenturecclesiasticum
1571 1160 1666 1215 subire
1676 1160 1870 1216 ministerium.

234 1252 301 1317 estis
313 1251 354 1307 sal
369 1259 459 1307 terrae.
481 1249 585 1308 Luceat
602 1267 668 1324 ergo
689 1253 737 1307 iux
751 1259 842 1308 vestra
862 1266 956 1307 coram
975 1252 1028 1308 bo·
1079 1244 1257 1303 Feminarum
1274 1262 1337 1303 curn
1352 1248 1461 1304 clericis
1480 1248 1557 1304 nullo
1568 1259 1649 1320 pacto
1663 1250 1788 1305 convicta
1802 1265 1873 1320 prae·

234 1344 369 1413 minibus,
377 1352 409 1401 ut
421 1344 533 1401 rideant
545 1360 628 1416 opera
638 1352 729 1401 uestra
739 1346 821 1413 bona,
836 1353 863 1399 et
877 1344 1029 1415 glorificent
1079 1338 1180 1410 cipitur
1202 1341 1397 1407 corruersati03
1422 1340 1506 1396 lamia
1519 1339 1632 1407 diaboli,
1647 1341 1691 1396 ria
1705 1340 1871 1411 iniquitatis,

232 1434 343 1492 Patrem
364 1444 486 1493 vestrum
512 1437 610 1508 quiin
640 1438 719 1494 eoelis
744 1446 793 1495 cst.
818 1438 881 1493 Tria
903 1440 946 1495 bis
967 1454 1028 1495 var·
1079 1430 1232 1501 scorpionis
1260 1432 1413 1502 percussio,
1440 1433 1625 1503 nocivumque
1646 1448 1733 1505 genus
1757 1432 1869 1488 lomina.

231 1526 277 1584 bis
291 1527 411 1585 marimo
424 1528 662 1599 commendantur,
675 1529 702 1587 id
716 1537 759 1585 est
770 1528 850 1598 ordo,
869 1530 925 1586 rita
937 1540 964 1586 et
978 1530 1028 1585 ba·
1078 1520 1149 1576 Cum
1163 1521 1330 1592 lll0l>l¹¹i¹¹lt
1349 1522 1460 1593 ⁵¹⁵l³¹¹¹³2
1484 1522 1607 1579 incendit
1629 1522 1732 1595 ignem,
1751 1522 1871 1579 flammi·

232 1618 307 1675 bitus
936 1618 939 1625 '
1078 1628 1142 1683 gero
1158 1613 1220 1684 igno
1233 1613 1351 1684 percutit
1364 1612 1467 1669 femina
1481 1614 1679 1669 conscientiam
1695 1615 1798 1684 pariter
1817 1616 1872 1671 ba·

615 1710 647 1768 11,
1078 1702 1200 1772 bitantis,
1214 1705 1358 1774 exuritque
1369 1702 1547 1764 fundamenta
1561 1703 1709 1759 montium.
1723 1704 1781 1776 Ego
1791 1706 1871 1777 iudi·

230 1796 274 1855 utut
289 1801 465 1858 amicum-
479 1801 643 1857 Debortutur
666 1803 775 1857 clericos
797 1819 814 1857 u
837 1801 967 1874 frequenti
989 1806 1025 1858 ed
1040 1783 1062 1839 B
1077 1810 1125 1862 00,
1148 1796 1172 1851 Sl
1193 1797 1339 1852 cumillis
1357 1792 1632 1864 tomtnaebabtum,
1654 1798 1792 1854 vicarium
1812 1814 1870 1855 ⁰⁰¹¹

508 1872 619 1943 laminas
633 1889 749 1928 accersu-
1076 1886 1162 1943 deoru
1173 1887 1284 1943 uranon.
1300 1888 1340 1943 uu
1353 1890 1394 1944 eu
1408 1898 1559 1959 occupatus
1569 1898 1612 1945 est
1627 1890 1711 1945 trumo
1712 1930 1867 1948 ......

266 1973 479 2053 Βερτεεεωεεε
491 1991 522 2040 ut
532 1986 582 2040 tibi
596 1986 716 2042 breviter
727 1999 891 2057 exponerem
906 1986 1025 2057 qualiter
1076 1979 1180 2036 ferreas
1192 1990 1298 2038 mentes
1312 1982 1395 2037 libido
1408 1983 1511 2040 domat.
1540 1981 1570 2037 Si
1585 1982 1681 2053 alligat
1699 1984 1764 2055 quis
1777 1984 1869 2056 iguem

230 2072 322 2130 elerici
344 2074 469 2131 victitare
490 2076 617 2133 debeant.
641 2076 712 2134 ilinc
734 2093 777 2133 me
796 2077 919 2148 plerique
937 2077 1023 2131 malo·
1076 2071 1105 2127 in
1119 2072 1211 2127 sinum
1225 2088 1318 2141 suum,
1333 2076 1496 2130 vestimenta
1518 2088 1575 2129 non
1595 2074 1809 2132 comburentur?
1819 2086 1871 2134 aut

229 2165 296 2250 dicti
311 2168 403 2222 aemuli
418 2168 622 2238 praestolantur,
641 2170 775 2240 quianon
791 2169 1022 2225 sileoreritatem.
1077 2162 1101 2218 si
1120 2163 1183 2233 quis
1199 2178 1248 2234 per
1268 2164 1374 2220 medios
1393 2166 1527 2221 carbones
1547 2164 1619 2236 ignis
1637 2164 1770 2235 ambulet,
1785 2168 1870 2238 pedes

228 2255 322 2314 Prima
343 2258 426 2329 igitur
448 2268 615 2317 tentamenta
638 2270 703 2319 sunt
717 2262 881 2318 clericorum
904 2261 1025 2319 semina·
1075 2269 1142 2311 suos
1158 2270 1212 2310 non
1236 2257 1397 2313 comburet?
1419 2257 1486 2313 illiti
1505 2260 1597 2328 crede,
1622 2276 1678 2317 non
1697 2266 1789 2331 potest
1809 2268 1869 2315 tolo

228 2362 292 2403 rum
311 2347 467 2421 frequenter
481 2366 619 2409 accessus.
645 2352 700 2408 lsto
717 2368 799 2410 serus
822 2353 1037 2425 reprehensibir
1075 2348 1158 2405 corde
1170 2348 1294 2404 babitare
1308 2365 1371 2405 cum
1385 2350 1514 2421 Domino,
1530 2354 1578 2423 (lui
1590 2353 1759 2411 1111111111ῑῦ
1775 2366 1870 2409 31018·

228 2436 270 2494 les
283 2440 395 2496 exhibet
409 2440 533 2499 clericos.
556 2440 628 2509 Quid
644 2444 691 2499 tibi
707 2460 803 2501 revera
820 2460 884 2500 cunr
898 2444 1020 2510 leminis,
1076 2440 1154 2516 sibus
1167 2442 1321 2512 copulatur.
1340 2440 1393 2497 Sed
1406 2442 1475 2499 dicis
1490 2461 1498 2499 ε
1514 2443 1567 2511 Qui
1586 2446 1711 2501 ambulat
1734 2444 1869 2515 simplici-

229 2528 279 2598 qui
289 2530 323 2585 ad
338 2530 424 2588 altare
443 2548 506 2590 cum
520 2532 638 2590 Domino
651 2534 814 2593 famularis?
833 2536 872 2592 Te
887 2537 978 2593 cuncti
992 2537 1021 2592 in
1075 2540 1126 2600 ter,
1139 2534 1262 2590 ambulat
1273 2536 1450 2592 mubdenter.
1467 2535 1541 2593 Bene
1552 2546 1581 2594 et
1591 2548 1708 2611 argute;
1725 2541 1870 2612 sedopor-

228 2618 350 2691 publioo,
374 2630 401 2679 te
424 2624 454 2681 in
479 2639 545 2698 egro
569 2626 665 2682 rustici
688 2636 810 2685 aratores
835 2643 868 2684 ac
889 2628 1022 2684 rinitores
1075 2630 1115 2679 tet
1126 2625 1313 2682 testinnonium
1325 2626 1427 2683 babere
1439 2628 1553 2684 bouum

856 3111 926 3153 tudo
945 3112 1038 3153 Dolllb'i
1057 3114 1230 3157 ΙΕΙΙ-ΙΕΠῊ

658 3328 1415 3620 wunnerus
1481 3362 1935 3529 a

420 3720 642 3840 nunus
684 3723 744 3840 s.
791 3724 1021 3845 uutsrr
1074 3732 1150 3849 ru
1192 3733 1404 3860 srtvu
1443 3742 1665 3863 urent
1728 3652 1734 3659 ’

943 3972 1124 3997 ἡ

867 4212 1196 4346 NOTITIA
1223 4286 1229 4297 ,

600 4464 682 4541 (bont
696 4465 837 4541 Grmsnr,
854 4470 978 4530 illatoris
992 4472 1087 4546 Niproe
1097 4476 1189 4565 silue.
1205 4476 1287 4548 1795,
1301 4481 1341 4551 1ο,
1365 4486 1435 4541 tom.
1449 4476 1475 4559 i)

252 4858 405 4931 Wemerut,
421 4862 502 4948 ultim
516 4862 546 4922 S.
562 4854 650 4952 diluuii
665 4866 745 4925 Silue
760 4870 863 4943 Niprre,
877 4874 1026 4930 eruditione
1042 4891 1094 4931 non
1109 4878 1197 4933 ntinus
1217 4895 1297 4952 quum
1311 4881 1412 4939 eximia
1426 4884 1489 4941 uitro
1504 4885 1660 4960 inienuitate
1677 4892 1776 4949 claruit
1809 4915 1871 4956 ει-

214 4930 357 5015 columpne
375 4934 423 5019 boe
448 4934 604 4993 illustratet.
632 4938 774 4996 Teatuntnr
793 4944 825 4997 de
843 4960 873 4997 eo
894 4957 1064 5001 monumenta
1086 4947 1240 5016 domesticu,
1258 4949 1336 5005 illum
1358 4954 1486 5024 preclare
1504 4957 1648 5015 admodum
1670 4936 1818 5035 rertprts’se
1831 4972 1869 5025 de

214 4999 267 5057 SS.
283 4996 423 5087 Trinitatis
439 5011 574 5089 mysterio,
596 5010 628 5064 de
651 5027 702 5082 quo
720 5021 808 5067 nutem
831 5014 888 5083 ejus
906 5030 982 5085 opere
996 5017 1064 5070 nibil
1087 5017 1123 5071 ud
1139 5034 1186 5072 not
1205 5024 1322 5089 peruenit
1336 5023 1386 5095 (11.
1410 5027 1449 5081 De
1462 5029 1553 5083 eodem
1573 5033 1613 5085 aie
1635 5032 1755 5105 loquitur
1773 5036 1869 5096 Ferte

213 5070 304 5156 Faber
318 5090 347 5127 m
364 5073 487 5158 litatorem
510 5077 677 5135 Sueborum:
693 5099 702 5132 r
726 5080 773 5136 Vir
798 5093 905 5137 arrectus
928 5094 953 5139 et
967 5086 1111 5141 admodum
1126 5088 1276 5159 relipioaus,
1291 5093 1324 5145 de
1337 5094 1480 5151 Elierbuclr
1501 5100 1598 5156 nobilis
1612 5119 1706 5173 penore
1728 5114 1754 5159 et
1766 5111 1868 5165 multo

213 5142 330 5225 uobrlrer
343 5145 480 5217 relsprone.
496 5148 548 5204 Hic
559 5152 651 5217 uibus,
664 5152 728 5222 quia
742 5152 925 5209 deuotissimos
938 5158 1072 5212 nutriebat
1087 5161 1237 5228 monachor,
1257 5172 1366 5233 repulus
1384 5167 1435 5236 {uit
1449 5185 1467 5222 a
1481 5170 1573 5224 multis
1586 5171 1642 5227 ileo
1655 5146 1756 5230 deuotis
1770 5181 1871 5252 uir-pi-

133 5257 136 5263 .
212 5211 300 5281 nebus,
317 5224 346 5270 ut
361 5224 387 5270 et
400 5229 553 5275 conuentum
565 5221 604 5275 ael
618 5220 766 5275 cicestrum
781 5225 875 5293 procia
883 5225 964 5294 juata
977 5242 1054 5281 auum
1067 5228 1212 5298 edificaret
1229 5238 1430 5291 monasterium.
1453 5238 1605 5296 inclinatus
1623 5253 1711 5299 eutem
1728 5252 1870 5315 precibus

211 5286 356 5370 eurttmuud
370 5285 442 5342 intres
458 5300 597 5345 corruentes
611 5292 786 5347 reclusorium
804 5294 875 5363 iecit,
899 5296 928 5349 t'n
947 5314 998 5367 quo
1020 5298 1104 5352 multo
1127 5309 1241 5370 tempore
1254 5304 1386 5373 vispinum
1410 5309 1464 5363 Deo
1487 5310 1643 5368 devotorum
1667 5315 1719 5384 [uit
1737 5333 1870 5390 conpre-

212 5361 294 5423 putto,
305 5366 387 5428 juxto
410 5360 540 5429 cupellam
561 5360 594 5414 tt.
617 5358 714 5415 Marto
734 5364 855 5435 cirpiniu,
872 5382 931 5438 qum
945 5368 1023 5422 bodie
1045 5377 1100 5422 stul
1116 5369 1145 5421 tu
1160 5375 1308 5427 eoentrterio
1326 5377 1355 5429 in
1373 5394 1425 5447 quo
1438 5381 1578 5449 sepulture
1592 5384 1645 5453 [ruit
1659 5385 1870 5454 praedicturum

211 5429 429 5564 iiriiii'ii’tgiioerr
440 5446 506 5485 unua
521 5430 613 5486 muitoe
629 5440 729 5487 sanctie
747 5436 891 5492 ereduntur
911 5438 992 5493 fuisse
1024 5437 1097 5494 Obiit
1113 5438 1255 5498 Wernerue
1272 5461 1342 5500 anuo
1352 5446 1462 5504 Domini
1476 5450 1545 5507 tito
1558 5461 1585 5507 et
1601 5455 1715 5510 abbatim
1729 5471 1797 5514 σιω
1812 5478 1867 5519 un.

246 5669 285 5741 (l)
304 5670 419 5755 librum
439 5674 656 5763 bellorationum
669 5696 750 5764 quem
765 5682 817 5767 sub
831 5683 891 5756 ejus
915 5673 1027 5740 nomtrie
1048 5702 1082 5744 ex
1093 5690 1221 5761 {editione
1235 5688 1386 5751 basileensr
1401 5706 1576 5767 recudimus,
1591 5698 1733 5760 Fabricius
1755 5716 1792 5765 et
1811 5724 1856 5769 au

210 5746 300 5801 ctores
315 5740 485 5806 Benedictrur
499 5746 595 5807 Galliae
608 5750 758 5826 illierartae,
769 5768 817 5826 qur
833 5764 924 5815 tamen
940 5755 1070 5817 uolumen
1086 5777 1142 5821 non
1158 5762 1294 5835 viderant,
1310 5764 1445 5824 Warnero
1461 5768 1571 5827 cuidam
1587 5772 1676 5839 burlo
1688 5774 1865 5841 vindicant.
