4017 6342
208 380 259 445 lot
687 382 897 442 tutorbtubs
912 384 1025 442 ansts
1044 384 1341 445 berenbacensts.
1796 385 1843 445 508

208 502 319 559 domino
334 501 514 571 saguaenlunr,
530 498 640 553 evidens
651 493 685 549 du
711 492 853 563 iudicium,
878 504 908 551 et
927 507 1003 551 autcd
1021 495 1177 557 bertraiatu
1192 488 1339 561 crunlebus,
1354 492 1418 565 qnid
1434 494 1576 549 amarius?
1589 486 1675 548 Tanta
1699 492 1791 563 dirius
1808 496 1843 553 nl.

208 608 290 665 quoru
299 602 379 664 portu
391 590 538 646 condemur
550 586 663 651 alto,lae
678 586 843 641 descendere
853 602 885 643 ae
895 587 1009 645 irullrtcre
1061 591 1143 645 tionis
1156 587 1396 644 arrirnadrcrsioue
1426 584 1541 642 clientes
1553 584 1637 649 illius,
1649 592 1677 638 ct
1692 583 1844 644 contribules

207 685 323 741 imbrem
339 682 505 753 lrugileruun.
523 677 579 735 Nec
593 693 667 733 mora
680 679 770 735 stubito
780 680 893 734 intonuit
903 678 1004 744 io'euur,
1060 681 1196 746 exterriti,
1212 678 1297 733 rururita
1313 676 1513 747 supplicatione
1523 674 1701 746 delatigatnnt
1723 676 1844 745 compule-

207 772 771 839 etturbidatertonturcorrreptarmrcquoro
793 779 908 823 uentum.
931 768 1009 823 inur—
1060 773 1182 829 rnutilio
1205 772 1245 827 ire
1266 768 1441 826 veredarium
1466 768 1586 831 Dontlui,
1608 776 1638 822 ut
1663 767 1794 837 captivum
1816 771 1845 827 de

207 878 257 933 que
270 860 330 930 polo
340 874 438 930 prestre
450 858 530 912 naias
544 858 692 913 densantur
703 859 731 912 iu
744 859 840 914 imbres
855 900 862 925 ,
875 859 1010 931 spirante·
1061 865 1129 919 tanti
1143 862 1279 932 eriperent
1289 859 1470 915 amaritudine
1485 858 1621 929 supplicii.
1636 856 1729 923 Venit,
1742 858 1845 915 scrinio·

206 968 256 1023 quc
268 954 364 1023 puerit,
376 963 401 1006 et
416 951 587 1006 raumaricae
599 949 729 1007 siccitatis
753 951 889 1021 dispendia
914 951 1005 1007 erebr-
1059 951 1329 1021 motionumque
1344 949 1516 1021 portiuncula
1542 957 1628 1004 costae
1652 948 1845 1007 elcrrrcutissitni

207 1047 284 1101 dont.
299 1042 613 1099 Pluuiemooluutarinm
635 1043 766 1099 Dominus
787 1044 934 1101 lraerrditoti
952 1061 1009 1101 ruo
1060 1040 1152 1097 Patris
1170 1037 1344 1096 willibrordi
1369 1038 1509 1095 recondita
1534 1047 1587 1103 cst,
1612 1037 1701 1093 ventri
1720 1040 1845 1109 arrepticii

205 1132 361 1208 segregarit,
385 1148 441 1205 quo
463 1136 669 1191 evidentissimo
685 1136 836 1193 remanda
857 1153 915 1195 sare
930 1138 1010 1209 sigrm
1060 1135 1281 1205 superposuit,et
1295 1147 1311 1188 e
1327 1130 1439 1204 vestigio
1452 1129 1581 1197 zabulus,
1593 1129 1658 1201 quta
1667 1137 1747 1185 tante
1758 1130 1848 1185 sancti·

207 1223 297 1281 dilecti
312 1224 354 1279 aui
371 1222 398 1277 in
410 1223 507 1293 spiritu
524 1224 674 1279 adrentum
684 1225 847 1281 declaravit.
875 1224 1009 1285 Nauticus
1061 1227 1127 1282 tatia
1140 1226 1247 1297 mardos
1268 1224 1342 1280 lcrre
1358 1239 1412 1279 uon
1435 1222 1544 1295 potuit,
1564 1236 1614 1277 vas
1630 1220 1703 1292 quod
1719 1221 1755 1276 ob
1769 1221 1847 1278 viudi-

206 1315 280 1373 illico
298 1316 402 1373 clamor
417 1316 481 1371 terit
494 1315 607 1381 ethera,
620 1324 648 1372 et
666 1316 791 1374 adductis
815 1314 924 1374 lacertis
945 1334 1009 1389 spn-
1060 1316 1174 1372 caudam
1186 1315 1398 1373 inobedientiam
1415 1312 1849 1385 arripuitadglorilicaudamsuuu·

206 1416 295 1471 mant,
312 1424 345 1465 ac
358 1409 516 1473 debiscunt,
526 1408 656 1465 convulsa
668 1408 761 1475 remis,
776 1410 927 1481 rostrisque
942 1411 1010 1467 stri·
1059 1406 1364 1479 miopilrcispoteutiam
1374 1404 1850 1476 desemit.tripudiumiugeusexor·

208 1499 335 1557 dentibus
347 1514 468 1569 equora,
480 1507 508 1553 et
519 1497 853 1565 omneseeclesiasticnm,
872 1515 925 1555 nun
941 1515 1010 1554 rruu-
1060 1507 1116 1554 tram
1130 1507 1183 1567 est,
1195 1499 1259 1569 quia
1273 1498 1347 1553 retur
1365 1497 1457 1554 domui
1475 1496 1511 1553 illi
1540 1497 1613 1567 {orto
1638 1506 1688 1560 ert,
1705 1496 1770 1566 qnia
1788 1495 1851 1554 lilius

208 1590 307 1656 ticum,
318 1590 494 1645 concinentes
509 1589 640 1655 celeuma,
654 1589 680 1645 ln
693 1604 741 1644 sua
754 1589 853 1644 bitures
863 1588 1009 1660 prosiliunt
1058 1592 1175 1647 libratae
1188 1607 1203 1644 a
1217 1592 1394 1647 lilioreterore
1404 1590 1502 1645 mortis
1515 1589 1661 1655 liberatus,
1673 1598 1702 1643 et
1719 1588 1851 1645 absolutus

207 1679 313 1736 littora.
328 1678 379 1735 Vir
392 1693 459 1735 vero
482 1679 536 1735 illis
559 1679 668 1751 propria
693 1680 872 1737 subeuntibus
894 1680 1009 1748 mcertis,
1059 1694 1111 1739 est.
1123 1682 1228 1738 interca
1245 1680 1414 1738 inconcione
1436 1679 1552 1734 astantis
1567 1686 1595 1734 et
1613 1677 1853 1748 exspectantiapo-

208 1770 329 1827 vicarius
343 1769 442 1841 egregii
462 1770 594 1825 antistitis
608 1770 787 1833 willibrordi,
811 1771 846 1826 ab
869 1772 1007 1827 uniuersis
1060 1772 1125 1843 pnli,
1139 1770 1309 1827 nobilitatum
1323 1779 1365 1825 cst
1378 1768 1450 1824 aliod
1465 1769 1584 1839 signnm,
1610 1768 1643 1823 de
1658 1781 1739 1821 eaursa
1753 1767 1852 1837 quidcuu

208 1862 462 1934 antwerpenstbus‚
491 1862 569 1933 louge
591 1862 741 1931 acivitate,
768 1880 828 1919 curn
853 1872 1009 1920 sanctornm
1024 1842 1047 1901 B
1061 1864 1154 1928 simili,
1168 1864 1215 1919 sed
1230 1877 1310 1935 poerua
1325 1860 1459 1918 dissimili.
1475 1859 1595 1916 Procidit
1605 1859 1715 1928 quidam
1728 1858 1755 1912 ia
1766 1858 1852 1914 lactem

209 1968 321 2010 suorum
339 1952 487 2025 pixidibus,
502 1953 561 2007 auri
573 1962 601 2007 et
619 1955 723 2023 argenti
752 1970 867 2025 operoso
893 1955 1010 2011 artificio
1062 1952 1568 2024 antetoluueratumjamprideruase
1591 1950 1713 2015 diviteuu,
1744 1964 1853 2004 acunu-

208 2044 321 2110 incusis,
352 2043 561 2113 procedentibus
586 2045 705 2111 obviant,
731 2047 802 2102 sicut
827 2046 938 2117 augelus
960 2048 1010 2102 ltu-
1061 2049 1114 2103 ruris
1127 2048 1253 2118 precibus
1267 2046 1401 2101 laborarit
1424 2060 1486 2100 erm
1509 2044 1562 2100 sibi
1584 2042 1693 2098 efficere
1715 2042 1853 2112 propitium

209 2136 293 2203 ouini,
304 2136 374 2192 sicut
388 2134 513 2191 Christus
527 2135 685 2201 iesrtscnuu
699 2137 801 2209 ingenti
812 2148 954 2209 susceptus
969 2148 1011 2194 est
1061 2149 1089 2194 et
1103 2138 1271 2209 placabilem.
1286 2136 1409 2191 Accessit
1424 2151 1476 2189 una
1492 2135 1526 2190 ad
1547 2134 1714 2205 negitauteur
1736 2144 1765 2187 et
1789 2132 1855 2186 relu-

209 2227 311 2298 gloria3
328 2228 420 2299 ibique
436 2229 633 2285 dissidentibus
658 2231 777 2287 reuluctis
797 2232 822 2286 in
841 2232 1011 2303 gratiarnm
1061 2241 1181 2286 etarrtcru
1197 2232 1331 2300 interpres
1344 2228 1446 2285 dmurini
1458 2229 1584 2299 ygurneni
1600 2226 1760 2283 Ebelrardus
1771 2238 1854 2281 cono

208 2318 402 2375 confoederatis
414 2333 480 2390 pace
493 2319 659 2387 liranissirua,
678 2335 771 2376 eorum
785 2322 936 2377 honorabili
949 2338 1011 2379 ere·
1061 2323 1117 2377 bita
1139 2322 1280 2393 egregins,
1306 2329 1370 2375 anate
1390 2320 1598 2376 couversionem
1630 2319 1701 2373 inter
1728 2318 1855 2387 principes

209 2412 300 2468 ctiorue
331 2418 503 2468 trarrsvectoa
523 2420 567 2465 est
597 2414 625 2467 iu
649 2411 889 2484 llittbilburgeusis
917 2424 1010 2485 portus
1049 2414 1183 2484 'ejrrsrlenu
1200 2412 1559 2479 irasci-etrouuinatissiouus,
1578 2410 1695 2465 accessit
1712 2409 1857 2479 inquamet

208 2504 330 2559 navalia.
348 2505 376 2559 ln
395 2503 554 2574 crepusculo
566 2503 629 2566 diei,
644 2505 702 2576 ejus
717 2518 856 2577 comperto
880 2507 1009 2571 aduentu,
1061 2508 1183 2579 pluribus
1209 2521 1242 2561 ac
1256 2504 1414 2561 latrrnilllnuis
1439 2499 1856 2574 supplicavitsupplicationibus,

208 2610 304 2652 oannes
319 2596 460 2665 utriusque
492 2610 573 2651 setus
597 2606 625 2651 et
647 2597 762 2653 diuersa
783 2598 873 2653 attritis
893 2598 1009 2653 irusulaui
1062 2609 1222 2669 ctgeuuuru
1243 2594 1445 2661 iuabcxiouibus,
1471 2602 1501 2648 ut
1525 2592 1634 2648 ueniam
1660 2591 1776 2661 petenti,
1801 2590 1854 2657 ejus

209 2686 271 2743 laeto
285 2688 445 2758 complerunt
461 2686 551 2741 littora
563 2697 640 2753 roetn,
657 2697 684 2743 et
696 2703 769 2753 eum,
781 2705 814 2746 oc
825 2690 847 2745 si
860 2692 917 2761 ipse
938 2705 1010 2746 cont·
1058 2688 1121 2760 jure
1137 2687 1259 2759 gentiuum
1272 2700 1395 2747 aversus,
1407 2685 1451 2755 pie
1463 2690 1575 2755 propter
1588 2683 1747 2746 dorniuum,
1762 2691 1788 2735 ct
1803 2680 1857 2735 Cle

208 2777 405 2833 moruiseoruur
417 2786 598 2847 patronus,et
609 2780 738 2836 Dominus
750 2781 775 2835 iu
786 2796 868 2837 carue
880 2783 1009 2851 uetuisset,
1064 2790 1187 2839 meritum
1203 2778 1400 2835 Witibrordum
1421 2775 1646 2833 reconciliaretur
1670 2774 1788 2829 artimus.
1810 2772 1857 2826 Sed

210 2868 483 2924 intimaedevotiouis
505 2867 601 2925 adeon
617 2885 649 2925 ac
674 2872 783 2927 luorroris
811 2874 1010 2943 rnugruiirceotia
1064 2873 1109 2929 iile
1140 2872 1279 2942 improbus
1299 2870 1413 2941 juveruili
1441 2869 1512 2925 laste
1533 2867 1664 2924 exaudire
1689 2866 1857 2934 courteupsit.

209 2968 385 3029 exceperunt,
400 2967 429 3014 et
443 2959 622 3031 bymnilogieu
636 2961 1010 3020 vociterationeinorationls
1062 2964 1177 3028 exiliuit,
1194 2962 1329 3029 discessit,
1352 2970 1379 3017 et
1397 2959 1536 3030 paululum
1557 2957 1681 3019 accessit,
1709 2970 1774 3011 curu
1800 2968 1858 3007 cccc

209 3050 583 3122 prosecabatudeduneruut.
613 3048 722 3107 Postera
737 3066 797 3107 cvm
811 3055 896 3123 priore
920 3054 1010 3111 stellet
1063 3058 1243 3115 ultioineum
1270 3057 1361 3111 diuina
1385 3050 1598 3111 inacessibilem
1625 3050 1696 3107 sicut
1719 3046 1859 3105 interiores

210 3144 308 3197 oriente
333 3140 437 3213 fugaret
457 3140 529 3197 ciero
540 3142 606 3207 dica,
619 3159 667 3213 per
682 3144 741 3199 beta
757 3143 915 3217 trequentes
941 3164 1009 3205 cor·
1025 3181 1048 3244 G
1063 3152 1198 3218 interiori,
1214 3152 1253 3205 sic
1264 3148 1416 3205 exteriores
1429 3146 1500 3203 oculi
1521 3145 1582 3216 ejus
1610 3142 1740 3200 exteriori
1766 3138 1859 3211 privati

209 3244 310 3291 venere
334 3229 437 3295 limina,
451 3243 479 3288 et
490 3247 583 3290 coram
599 3234 689 3305 legato
701 3234 818 3302 llorniui,
839 3239 872 3293 arl
897 3240 1010 3295 irruan-
1065 3241 1167 3299 lumine
1180 3242 1268 3297 subita
1283 3238 1453 3296 obtenebrati
1468 3246 1533 3292 snm
1544 3234 1676 3291 caecitatis
1689 3232 1820 3303 caligine
1834 3238 1859 3282 et

212 3327 275 3382 duna
289 3339 380 3379 rerum
397 3326 572 3395 praeseutium
582 3335 695 3391 statum,
709 3336 803 3383 eontra
821 3346 924 3385 cruorem
949 3332 1013 3387 bar·
1064 3334 1140 3403 crrjus
1151 3334 1276 3403 iniquiter
1285 3331 1382 3402 prodiit
1393 3329 1469 3400 quari
1479 3328 1604 3396 eaodipe,
1613 3325 1696 3395 etqni
1707 3339 1762 3377 riou
1774 3318 1860 3391 bagel-

208 3416 344 3481 lturicum,
358 3429 462 3469 sururua
490 3417 602 3473 astitere
614 3418 767 3489 disciplina,
784 3434 816 3475 ac
840 3424 1011 3478 reverentia.
1064 3426 1135 3480 latus
1146 3425 1274 3480 intumuit
1287 3422 1351 3477 llato
1363 3420 1510 3492 superbire,
1523 3428 1551 3475 et
1564 3433 1617 3473 uon
1633 3417 1724 3471 tiuuoit
1746 3432 1776 3469 er
1788 3428 1860 3468 rtrum

209 3506 265 3563 Sed
281 3506 326 3561 illc
341 3522 430 3575 regens
442 3504 519 3561 dictis
533 3510 635 3564 colmar
664 3520 688 3564 et
701 3522 807 3582 pectore
821 3514 938 3569 mulcens
953 3515 1011 3585 pri·
1063 3518 1092 3572 iu
1107 3516 1201 3571 roeium
1215 3531 1323 3586 ponere,
1339 3513 1403 3583 quid
1419 3522 1491 3567 esset
1510 3510 1613 3585 sentire
1635 3516 1749 3563 coactus
1760 3514 1802 3562 est
1815 3504 1862 3565 svb

209 3605 284 3655 muru
300 3600 421 3671 aggredi,
434 3612 465 3655 ac
481 3608 601 3657 tractare
614 3603 779 3670 mediocria,
810 3604 837 3660 in
864 3606 1011 3661 crastiuum
1064 3608 1189 3663 uerbere.
1205 3604 1372 3674 lrupingebat
1389 3611 1418 3657 et
1443 3602 1643 3673 impingebatur
1666 3598 1720 3653 irrue
1747 3604 1778 3651 et
1802 3592 1863 3649 illuc

211 3692 332 3747 tlecrcuit
344 3690 453 3747 differre
467 3692 568 3761 majora
580 3703 607 3748 et
618 3694 706 3764 magis
714 3709 823 3764 aspera.
836 3696 958 3767 Cumque
969 3696 1012 3753 bis
1065 3700 1190 3771 palpans,
1199 3696 1329 3753 vacillans
1342 3693 1512 3758 vertebatur,
1528 3702 1556 3748 et
1569 3689 1787 3760 caesarianorum
1799 3685 1862 3739 sicet

210 3778 341 3845 intentus,
359 3798 463 3852 eurum,
476 3793 503 3839 et
518 3782 633 3841 aliorrun
659 3798 728 3854 quos
754 3787 868 3844 idoneos
884 3789 1009 3853 ducebat,
1064 3790 1181 3864 diploide
1194 3791 1303 3845 indutus
1316 3802 1459 3845 occursum
1470 3795 1497 3841 et
1519 3792 1694 3852 conspectum
1724 3778 1864 3836 bominum

210 3872 322 3930 haberet
336 3874 494 3941 consilium,
509 3876 576 3931 vidit
587 3878 711 3933 cominus
725 3882 869 3949 quemdam
882 3881 915 3936 rte
927 3896 1012 3952 grege
1065 3881 1220 3936 terebatur.
1235 3878 1363 3935 Occurrit
1378 3876 1487 3931 tandem
1502 3874 1539 3930 illi
1555 3872 1665 3929 offensis
1689 3871 1799 3926 nutanti
1819 3882 1864 3937 pe·

210 3964 333 4034 irtopum,
348 3966 496 4034 prosterni,
523 3976 550 4022 et
563 3966 690 4036 arripienti
714 3968 797 4039 perles
821 3968 960 4037 eujusdam
976 3986 1010 4026 er
1064 3971 1144 4028 dibus
1156 3971 1264 4043 genitor
1276 3966 1336 4037 ejus
1347 3976 1420 4023 totos
1431 3967 1519 4022 imbre
1530 3964 1713 4036 lacrymarum
1724 3958 1863 4034 pertusos,

209 4056 348 4130 prosapia,
361 4057 496 4112 etoruiluc
511 4058 637 4125 (licitum,
661 4058 702 4113 cni
720 4058 864 4130 aliquando
892 4061 1011 4116 incond-
1064 4073 1092 4118 et
1114 4064 1258 4134 increpans
1278 4060 1406 4117 duritiem
1428 4058 1519 4115 cordis
1544 4056 1613 4128 ejus,
1639 4061 1766 4127 porrecta
1782 4065 1864 4110 marte

212 4152 308 4203 derata
328 4147 472 4203 insolentia
491 4147 589 4202 indixit
603 4150 700 4205 rubrus
711 4166 780 4220 pene
792 4150 1009 4215 iunernediabile,
1062 4155 1171 4211 redrrxit
1190 4170 1253 4210 eum
1266 4154 1393 4209 inlocum
1406 4150 1705 4207 undebilecommotus
1719 4142 1864 4205 temerario

211 4240 400 4311 etlaetilcrnrn.
420 4240 558 4311 llrsnrgit,
572 4243 703 4306 accurrit,
718 4258 780 4297 eurrn
796 4252 934 4312 prostrato
946 4259 1008 4313 pro·
1061 4258 1129 4301 ausu
1152 4255 1194 4300 est
1207 4258 1343 4317 egressus.
1373 4241 1484 4298 leuium
1508 4240 1544 4296 ibi
1569 4238 1684 4311 supplici
1703 4252 1755 4294 suo
1780 4233 1864 4299 dedit,

212 4338 315 4385 stratus
328 4344 416 4399 geruua
431 4328 490 4399 ejus
500 4330 683 4391 exosculatur.
699 4338 727 4385 et
736 4331 858 4399 deposito
870 4332 896 4387 in
909 4345 1010 4388 terrum
1061 4336 1135 4391 uisus
1145 4336 1296 4392 claritatem
1303 4329 1865 4405 recepit,illuruiuatoriomniumqoauutrn·

213 4428 277 4476 aute
289 4420 454 4477 abnuentem
482 4426 510 4471 ct
535 4418 701 4474 obstinatius
721 4420 884 4476 renitentem
908 4424 1010 4494 egregii
1063 4440 1170 4497 cunque
1193 4426 1282 4497 potuit
1310 4435 1402 4497 grates
1428 4424 1562 4495 rependit.
1587 4419 1734 4478 Pulchrum
1755 4426 1866 4490 specta·

214 4512 345 4569 antistitis
368 4509 477 4574 baculo,
506 4509 621 4579 gratiam
649 4510 740 4565 delicti
764 4511 906 4581 peerritend
929 4513 1158 4580 tacerepcutum
1173 4518 1219 4573 illo
1228 4518 1272 4574 die
1283 4517 1375 4572 diviua
1386 4514 1679 4588 pictaspiisrueotibus
1688 4508 1829 4575 exhibuit,
1839 4514 1866 4561 et

214 4610 397 4675 depreeatur,
435 4609 548 4665 ruooet,
585 4614 617 4656 ac
657 4600 819 4658 obtestatur.
861 4602 1017 4661 tutamenti·

212 4709 279 4749 rrum
310 4707 375 4748 vero
397 4690 470 4747 illins
493 4704 540 4746 eor
556 4697 584 4746 et
598 4700 768 4762 contemptor
789 4694 906 4761 aruimus,
935 4697 1016 4755 nrrllis

215 4796 290 4837 sanas
309 4782 439 4839 doctrinae
460 4782 590 4839 lenientis
605 4782 769 4850 emollescit,
792 4798 824 4841 ac
838 4787 1016 4845 conclaman-

214 4872 300 4937 tibus,
318 4884 346 4931 et
364 4882 467 4930 tantam
494 4874 621 4931 duritiem
644 4874 860 4945 detestantibus,
878 4880 1015 4941 universis

215 4964 476 5033 circumstantibus,
507 4982 561 5022 uon
583 4967 739 5035 erubescit,
768 4984 821 5025 non
850 4972 1013 5042 adquiescit.

205 5056 305 5137 lmpos
321 5056 403 5113 animi
414 5056 550 5122 discessit,
563 5060 661 5130 erupit,
675 5060 787 5116 domurn
802 5062 894 5133 rediit,
920 5074 948 5119 et
975 5066 1014 5121 ibi

215 5149 357 5221 evestigio
367 5156 548 5222 contemptus,
574 5160 602 5207 et
628 5152 819 5210 inobedientia.
845 5170 901 5211 sue
916 5169 1014 5223 peenas

215 5236 281 5307 iuit;
301 5243 585 5329 energumenuseniur
599 5238 687 5302 lactus
702 5261 798 5303 omnes
810 5258 932 5307 astantes
951 5267 1014 5323 per-

215 5330 349 5413 cussioqis
360 5348 415 5391 suae
430 5334 585 5399 spectaculo
596 5336 753 5405 perterruit,
762 5346 790 5393 et
802 5340 878 5395 omui
892 5342 1011 5408 uiciate,

214 5431 242 5477 et
253 5422 360 5480 familiae
374 5439 430 5481 aue
441 5439 577 5481 sumntum
592 5439 738 5484 moerorem
752 5436 779 5485 et
794 5430 895 5487 luctum
909 5432 1010 5489 intulit.

214 5514 348 5573 Anbeluru
360 5518 419 5588 ejus
430 5523 536 5587 pectus,
552 5525 580 5571 et
598 5526 743 5585 protensus
766 5520 934 5590 aqualiculos
951 5536 1011 5579 ere·

215 5604 271 5665 bris
298 5617 326 5664 et
343 5607 512 5680 gravissimis
523 5606 654 5679 exagitari
665 5608 799 5678 pulsibus,
822 5621 850 5668 et
866 5629 950 5670 sonus
966 5629 1011 5669 au·

216 5695 278 5764 diri,
293 5698 370 5769 quasi
386 5705 525 5753 costarum
536 5706 650 5766 cratem,
663 5709 690 5754 et
705 5704 874 5779 atomaqbnm
895 5705 1010 5762 interius

199 5780 304 5858 ‘aliqua
317 5791 357 5844 virt
373 5786 447 5843 duris
459 5786 629 5856 propulsaret
644 5788 773 5847 vectibus.
801 5772 835 5849 l‘lt
850 5795 913 5864 quid
932 5804 1005 5851 tanto

1069 4607 1148 4663 elatis
1161 4607 1378 4672 lornridineun,et
1392 4606 1539 4662 maritnunr
1551 4603 1708 4659 incutiendo
1717 4611 1866 4661 terrorem,

1068 4698 1167 4755 loturae
1175 4696 1260 4768 pacis,
1267 4706 1296 4753 ct
1307 4695 1535 4754 reconciliationis
1545 4694 1752 4750 luridamentum
1760 4687 1865 4761 posuit.

1068 4790 1096 4845 ln
1111 4792 1220 4861 angusti
1236 4790 1367 4861 temporis
1377 4788 1503 4855 articulo,
1517 4788 1544 4844 iu
1556 4786 1662 4844 duobus
1671 4783 1738 4840 viris
1745 4791 1868 4853 quatuor

1067 4882 1204 4939 celebrata
1216 4890 1280 4937 sunt
1296 4881 1438 4946 miracola,
1450 4881 1520 4936 alter
1530 4878 1868 4949 quippeprocontenuptua

1067 4975 1110 5030 sui
1126 4982 1213 5038 reatu,
1240 4973 1359 5045 desipuit
1381 4972 1509 5037 aruerutia,
1524 4979 1553 5025 ct
1568 4984 1618 5040 pro
1629 4968 1782 5023 irruiturum
1802 4978 1867 5035 pro·

1066 5065 1138 5124 lectu
1148 5067 1312 5139 resipuit,ac
1322 5066 1424 5123 saniori
1438 5057 1761 5133 convaluitiutelligeutia
1776 5072 1785 5110 r
1798 5055 1870 5110 alter

1065 5160 1095 5213 in
1109 5158 1185 5214 orario
1198 5159 1292 5229 {ratris
1303 5160 1431 5229 lectorem
1439 5159 1539 5224 uidens,
1553 5159 1581 5213 ie
1590 5173 1639 5213 rato
1648 5156 1750 5212 troiam
1762 5174 1820 5211 non
1831 5156 1871 5211 ei·

1064 5251 1139 5318 deus,
1151 5250 1282 5306 caecitatis
1295 5250 1412 5307 incurrit
1424 5250 1585 5306 odertdicula
1595 5250 1769 5307 :sadduceos
1778 5248 1872 5322 pieni·

1064 5344 1158 5419 tentia,
1166 5344 1276 5401 clariori
1286 5344 1388 5402 iumine
1398 5345 1595 5402 illustratusest
1605 5346 1871 5417 incorporeaeaoi·

1063 5449 1119 5490 me.
1131 5432 1260 5489 Proximo
1274 5447 1341 5490 vero
1353 5451 1413 5490 carm
1422 5437 1508 5508 priore
1515 5434 1637 5491 lustraret
1647 5436 1775 5506 inruperit
1782 5446 1871 5492 terror

1063 5532 1122 5579 orte
1151 5524 1225 5591 dies,
1250 5538 1306 5580 utto
1321 5526 1424 5593 animo,
1445 5527 1594 5595 eademque
1617 5525 1755 5581 sententia
1784 5527 1873 5583 totius

1063 5614 1167 5681 inaurire,
1181 5614 1259 5684 quasi
1270 5630 1349 5686 apum
1375 5617 1511 5679 examina,
1529 5625 1715 5671 convenerunt
1738 5617 1871 5688 agmina,

1062 5714 1092 5760 ut
1105 5718 1197 5761 coram
1216 5706 1318 5763 vicario
1335 5707 1471 5779 pontilicis
1490 5710 1604 5781 egregii,
1615 5720 1643 5765 et
1653 5709 1711 5780 ejus
1725 5709 1872 5780 reliquiis,

1061 5800 1296 5869 craruiuarentur,
1311 5812 1336 5857 et
1356 5800 1567 5858 terminarentur
1584 5803 1703 5858 ouroiout
1723 5818 1829 5858 cauare
1841 5817 1873 5855 ac
