4017 6342
299 407 353 466 biii

775 400 927 457 ttt’uos'ts
946 398 1192 456 tbuuuauo'sts
1211 398 1470 459 aucntsctscort

1860 412 1905 471 eto

299 522 376 580 reddi
386 523 468 577 limans
485 539 493 574 ε
512 529 601 575 tuanen
619 522 691 576 scire
713 536 761 577 ros
789 524 912 579 rolarnms
932 522 967 577 ab
982 524 1089 579 unitate
1103 531 1126 589 Α
1140 520 1268 577 Ecclesiae
1283 521 1411 577 Romanae
1424 522 1495 587 liliis,
1516 531 1544 577 et
1556 522 1739 579 cardinalibus
1751 524 1903 601 preshyteris,

299 631 405 679 eornm,
429 628 482 681 qua
508 612 535 665 in
561 626 675 683 corpore
695 626 795 670 sancte
820 614 949 671 Ecclesiae
973 616 1008 671 ad
1031 630 1089 670 ser·

298 705 426 760 siendum
450 704 532 759 beato
555 703 638 759 Petro
665 705 756 761 divina
775 708 930 778 dignatione
952 708 1088 778 compacti

296 811 399 860 suanus,
414 810 464 850 nec
475 795 645 864 discessisse,
663 814 714 854 nec
732 800 759 854 in
777 808 947 871 perpetuum,
967 800 1024 857 lieu
1039 800 1089 856 mi·

296 895 414 948 serame,
427 885 606 952 discessuros,
622 888 677 944 imo
686 889 966 963 liaberepropositum
978 900 1088 963 aposto·

295 970 354 1027 tice
372 974 446 1029 sedis
470 975 655 1044 profectibus,
683 978 770 1035 modis
788 981 916 1038 otnnibus
938 982 1087 1038 deservire.

295 1062 429 1120 Praeterea
441 1066 612 1123 notificamus
623 1071 796 1127 unanimitati
808 1083 905 1129 uestrae
917 1088 933 1127 a
944 1074 1085 1131 naonaclris

295 1154 519 1212 Cluniacensibus
537 1158 617 1213 nobis
637 1168 727 1215 tantas
745 1163 981 1231 supergressiones
993 1174 1022 1219 ot
1045 1163 1088 1218 in·

290 1247 380 1319 jurias
396 1249 500 1313 inlerri,
516 1258 545 1303 ιιι
556 1250 630 1307 nullo
645 1251 725 1307 modo
742 1267 789 1309 eas
804 1256 993 1325 equanimiter
1007 1256 1088 1313 susti-

295 1356 362 1398 nere
374 1342 522 1398 valeannas.
533 1342 567 1397 Et
579 1344 687 1411 «paridem
697 1360 769 1401 anno
783 1350 931 1417 praeterito.
942 1359 1086 1421 antequam

294 1431 409 1486 Romam
426 1433 614 1496 tenderemus,
637 1445 806 1505 compertum
821 1440 901 1495 nobis
922 1440 1021 1509 iuerat,
1040 1445 1088 1500 ab·

293 1521 385 1577 batem
410 1522 437 1576 in
459 1533 553 1579 sancta
575 1524 730 1583 Parascere
755 1532 906 1588 orationem
933 1550 1013 1605 quam
1038 1552 1086 1607 pro

294 1611 460 1681 imperatore
479 1612 571 1668 laoere
592 1628 855 1689 consumensque
875 1638 946 1680 arurae
966 1640 1022 1694 pru
1038 1641 1086 1681 cx-

294 1704 539 1760 coatrmunicatione
562 1716 589 1761 et
611 1708 781 1777 depositione
806 1709 915 1768 ilenrici
938 1729 954 1767 a
976 1714 1087 1773 donnino

292 1808 363 1863 papa
379 1794 608 1864 Gregorio-laeta,
633 1800 792 1872 interposita
816 1813 873 1872 ost,
896 1808 1002 1875 publice
1017 1810 1087 1865 cele-

292 1884 397 1946 brasse,
415 1886 591 1957 deonacum
606 1890 731 1949 eumdem
746 1896 779 1949 ad
799 1897 932 1954 rationem
949 1900 1086 1971 posuisse·
1103 1880 1124 1935 B

293 1991 366 2042 mus,
398 1980 564 2035 conscientia
589 1983 744 2042 debilitatus
767 1989 906 2059 respondit
935 1994 1085 2049 orationem

292 2066 369 2124 illam
381 2085 430 2139 pro
441 2073 605 2143 imperatore
617 2077 739 2145 quolibet
752 2093 782 2135 se
794 2079 905 2137 dixisse.
919 2082 1042 2156 Cumque
1052 2101 1084 2142 ex

289 2162 497 2219 circumstantia
510 2165 594 2235 ipsius
603 2170 735 2226 orationis
743 2172 779 2225 ad
790 2172 940 2230 Romanurn
952 2191 1012 2232 earn
1024 2193 1085 2250 spe·

293 2252 400 2309 cialiter
412 2255 550 2323 pertinere
565 2257 708 2327 imperium
720 2276 958 2334 prosequerentur,
973 2269 1037 2338 utria
1050 2284 1084 2325 ex

294 2344 534 2415 apostolicaesedis
551 2346 653 2418 judicio
675 2367 747 2407 nunc
760 2364 880 2422 uacaret,
901 2359 1015 2415 veritate
1036 2376 1085 2432 op-

293 2450 403 2507 pressos
425 2438 567 2509 conticuit,
593 2455 682 2512 neque
699 2452 787 2501 umen
810 2447 901 2503 debita
923 2452 1084 2520 poerritentia

293 2543 416 2584 errorem
427 2531 565 2601 cognitum
576 2534 740 2591 emendarit.
750 2536 815 2593 Post
829 2541 945 2597 reditum
959 2558 1025 2600 aero
1036 2561 1084 2601 rao-

293 2627 392 2684 strum,
402 2632 464 2674 curn
474 2618 612 2677 effrenatae
622 2622 755 2681 invasioni
766 2630 959 2687 monachorum
972 2648 1082 2691 suorum

293 2707 423 2764 resistere
437 2723 610 2779 conaremur,
624 2713 723 2785 obiecit
737 2717 954 2789 nobisqoasdam
966 2724 1082 2795 litteras,

293 2814 362 2869 quaes
375 2801 508 2859 dicebata
523 2820 593 2876 papa
611 2804 721 2865 'alrbano
735 2811 785 2866 sibi
799 2810 925 2881 directas,
942 2817 969 2873 in
983 2821 1083 2890 quibrrs

293 2889 484 2947 corninebatnr
498 2901 539 2960 ut,
556 2903 613 2950 tam
631 2896 690 2967 ipse
701 2912 782 2968 qaam
799 2905 884 2960 sancti
897 2905 997 2965 iratres
1011 2912 1052 2965 sni
1067 2928 1082 2967 a

292 2984 482 3040 communione
493 2994 596 3056 nostra,
607 2999 635 3044 et
645 2990 1083 3061 Ricardiltlassiliensisabstinere

292 3082 431 3139 curarent,
444 3084 474 3129 ut
485 3078 535 3132 sul)
549 3082 726 3147 praetentione
743 3084 893 3144 litterarum
915 3102 1024 3149 nostras
1039 3112 1080 3149 m·

293 3162 378 3233 incias
401 3166 540 3224 matrerm,
568 3172 633 3238 Qnae
652 3175 749 3233 litterae
777 3192 872 3237 contra
903 3186 1080 3255 apostolicum

293 3255 467 3312 moderamen
479 3269 507 3315 et
530 3262 688 3332 grauitatem
717 3270 833 3326 conditae
847 3274 991 3331 aaraniiesta
1005 3292 1080 3334 men-

290 3346 369 3403 dacia
385 3350 570 3407 continebam
591 3356 614 3409 Α
636 3367 757 3429 tempore
772 3364 845 3417 enim
860 3365 999 3424 electionis
1020 3386 1080 3441 quae

291 3440 326 3496 (le
338 3440 437 3497 abbate
450 3441 591 3503 casinensi
606 3448 677 3505 tacta
697 3461 749 3518 est,
767 3470 852 3526 usquc
868 3459 1079 3519 adsumentum

291 3531 389 3603 Capua
410 3535 543 3606 laabitum,
561 3539 662 3612 integri
680 3543 745 3599 anni
762 3548 878 3617 spatium
895 3562 1081 3621 protestantur

288 3636 436 3693 exactum,
460 3643 521 3683 carra
544 3646 638 3688 verum
662 3637 698 3691 sit
717 3638 745 3691 in
761 3653 795 3693 eo
816 3644 904 3712 spatio
926 3646 1081 3705 nullatenus

292 3732 391 3772 annum
414 3720 547 3792 irttegrnm
569 3725 716 3783 evolutum.
733 3730 872 3789 lateralia
891 3746 981 3794 autem
996 3756 1078 3797 unam

291 3808 525 3876 tntpndentissime
549 3817 739 3885 mentiuntur,
765 3822 828 3892 quia
850 3839 866 3880 a
889 3832 1080 3890 conamunione

292 3896 420 3954 Rornaanaa
439 3900 573 3975 Ecclesiae¹
588 3922 638 3965 nos
661 3923 756 3985 sponte
779 3926 872 3975 nostra
895 3922 1076 3994 sejunximns;

289 4002 351 4041 corn
366 3992 443 4047 tostis
455 3996 534 4052 nobis
553 3998 591 4052 sit
607 4004 775 4061 conscientia
785 4020 889 4078 nostra,
906 4024 934 4069 ct
946 4016 1078 4086 claaritas,

1036 4212 1077 4253 er·

487 4270 630 4327 restitisse.
648 4275 779 4335 adhibito
800 4295 866 4353 ergo
879 4286 956 4341 nobis
971 4213 1079 4345 coullra-

288 4354 362 4405 trum
383 4362 413 4407 et
432 4356 656 4429 coepiscoporum
670 4375 828 4423 nostrorum
842 4375 967 4441 consilio,
990 4386 1017 4431 et
1031 4394 1079 4448 per

289 4455 383 4497 eorum
396 4460 505 4503 marinam
520 4450 592 4507 inter
605 4469 655 4511 uos
666 4466 696 4511 et
712 4458 838 4517 abbatem
858 4466 994 4538 colloquio
1013 4486 1078 4527 con·

288 4533 396 4600 stttnto,
410 4550 471 4591 cum
489 4538 651 4613 intelligeret
664 4561 713 4600 taos
724 4548 805 4605 aliter
824 4568 887 4610 cum
901 4556 946 4613 illo
964 4575 1078 4618 concor·
1096 4580 1117 4635 [ι

288 4623 362 4678 diam
387 4641 440 4679 non
465 4629 616 4695 babituros,
642 4636 694 4692 nisi
716 4638 794 4708 cntpa
812 4646 919 4715 cognita
938 4650 1078 4716 praclarum

289 4716 441 4772 strationem
460 4720 657 4792 interponet-et,
674 4728 807 4798 judicium
824 4739 965 4797 nobiseum
987 4746 1080 4805 subire

289 4808 432 4871 praetensis
443 4810 535 4868 multis
541 4817 731 4879 occasionibus
741 4830 885 4897 recusarit,
890 4832 1078 4904 episcoporum

290 4904 382 4950 tannen
394 4899 441 4968 qni
454 4902 571 4959 atterant
586 4910 682 4967 studiis
695 4914 829 4976 discordia
846 4933 939 4980 nostra
954 4926 1078 4999 aliquan·

291 4984 376 5041 tnluro
391 4992 543 5050 arrodilicata
558 5007 611 5066 est,
626 5012 652 5058 et
666 5019 715 5073 per
728 5008 851 5070 inducias
863 5021 993 5088 usquead
1008 5038 1076 5093 prae·

291 5078 399 5135 linitum
415 5087 559 5144 terntinum
574 5094 706 5167 mitigata.

327 5169 390 5227 llaec
410 5176 443 5230 de
462 5178 504 5234 lrls
525 5198 586 5252 quac
599 5188 671 5244 circa
685 5208 736 5249 nos
754 5207 818 5254 sunt
834 5201 961 5259 charitati
981 5218 1078 5265 vestra

290 5266 559 5339 communicavimus,
583 5276 700 5336 latricem
723 5289 892 5355 postulantes
916 5305 944 5350 nt
969 5298 1077 5369 siquid

290 5351 368 5409 vobis
388 5356 421 5411 tle
435 5362 547 5417 seruitio
560 5366 723 5427 humilitatis
739 5388 838 5434 nostrae
853 5382 995 5452 placuerit,
1018 5388 1078 5445 sine

290 5441 461 5503 hesitatione
472 5450 550 5509 nobis
570 5456 622 5511 lroc
643 5474 813 5533 sarrrmopere
827 5472 997 5540 capientibus
1011 5482 1078 5533 assi-

290 5537 388 5605 gnetis.
423 5540 452 5594 st
475 5558 541 5601 vero
562 5552 736 5617 praesentium
760 5561 937 5625 portitoribus
961 5566 1076 5625 Romam

290 5629 372 5683 enardi
390 5635 499 5688 occasio
513 5647 558 5691 ant
573 5638 691 5695 incultas
710 5644 839 5716 deluerit,
862 5654 895 5709 de
910 5657 1077 5727 benignitate

290 5730 381 5775 uestra
403 5724 549 5793 plurinnnn
575 5730 753 5801 considentes,
776 5755 903 5811 rogamus
924 5758 953 5802 nt
971 5750 1077 5809 litteras

290 5824 359 5876 naras
374 5812 426 5868 illis
439 5816 613 5882 perferendas
623 5828 818 5897 conamisirnns,
831 5836 965 5901 episeopis
975 5853 1077 5901 saumae

1140 610 1266 665 celeriter
1279 610 1356 681 dirigi
1376 610 1493 667 iacietis.
1507 611 1544 667 lle
1557 621 1655 667 caetero
1671 611 1795 669 dilectata
1807 614 1901 677 lratrerr

1139 711 1262 757 nostrum
1275 702 1404 759 domnum
1416 702 1562 774 liutgerum
1574 713 1675 759 sanctas
1687 702 1809 761 coeleste
1817 720 1904 777 aposta

1138 795 1198 851 licae
1213 796 1284 851 sedis
1295 795 1460 852 cardinalem
1476 795 1682 858 subdiaconum,
1699 798 1743 866 qrai
1764 798 1903 867 inprurine

1139 885 1254 942 liomam
1267 902 1318 959 per
1331 902 1380 944 nos
1393 889 1427 944 ad
1442 886 1587 943 utilitatem
1604 899 1706 945 sancta:
1725 888 1842 949 Ecclesiae
1854 910 1903 953 tea·

1139 990 1232 1033 turam
1246 980 1362 1046 sedicit,
1382 979 1516 1036 nobilitati
1534 989 1632 1036 restrae
1651 981 1723 1035 sicut
1743 987 1902 1044 trementium

1138 1070 1372 1135 commendamus,
1397 1080 1525 1142 rogantes
1540 1079 1570 1124 ut
1584 1068 1611 1123 in
1628 1070 1773 1137 coraductn,
1792 1083 1818 1126 et
1829 1073 1853 1128 in
1865 1090 1903 1131 cae

1139 1160 1218 1225 teris,
1234 1161 1261 1215 in
1277 1162 1376 1231 quibus
1386 1160 1561 1231 benignitatis
1574 1171 1672 1217 restrae
1683 1162 1793 1217 corrsilio
1806 1164 1904 1237 iradigne·

1138 1252 1187 1318 rit,
1201 1265 1249 1316 pro
1265 1254 1350 1324 gratia
1363 1252 1434 1309 beati
1446 1253 1519 1309 Petri
1534 1262 1562 1309 et
1572 1266 1665 1311 nostra
1677 1254 1837 1311 subveniatis
1847 1274 1854 1311 ι
1863 1274 1903 1329 qm

1139 1341 1276 1399 relucente
1289 1344 1323 1401 de
1339 1345 1382 1401 bis
1402 1361 1463 1416 oram
1481 1347 1555 1402 circa
1570 1362 1619 1403 nos
1636 1357 1700 1403 sunt
1713 1347 1814 1418 plenius
1825 1366 1904 1421 cogno

1138 1436 1231 1493 scetis.

1514 1507 1547 1563 ll.

1137 1596 1243 1653 Litterae
1265 1597 1383 1670 lingonas
1402 1599 1589 1670 urcltiepiacopi
1611 1599 1839 1671 Lugdunensium
1857 1604 1903 1659 ila·

1172 1684 1264 1738 portem
1283 1670 1505 1739 urclnepiscopum
1526 1670 1696 1726 Bisrantinunt
1719 1688 1767 1743 pro
1792 1678 1902 1730 ntoaerln'a
1978 1744 1979 1757 ἵ

1173 1740 1204 1794 S.
1217 1738 1327 1809 Benigari
1340 1739 1513 1794 llioiormnsn.

1410 1832 1501 1905 (Circa
1515 1848 1562 1888 an.
1573 1832 1665 1904 tote.)

1276 1923 1388 1997 ibatur.
1405 1926 1518 1982 llisccil.
1534 1927 1578 1983 ed.
1593 1927 1660 1983 Luc.
1671 1928 1714 1995 lli,
1731 1928 1787 2004 ili]

1171 2014 1258 2084 uero,
1281 2016 1329 2073 Dei
1354 2018 1440 2091 gratia
1466 2018 1656 2091 Lugdunensis
1675 2022 1803 2079 Ecclesiae
1818 2038 1903 2094 serras,

1136 2106 1235 2163 dilecto
1257 2108 1283 2163 in
1298 2105 1405 2165 Christo
1420 2109 1497 2166 iratri
1520 2108 1624 2167 lluuom
1641 2109 1788 2169 venerabili
1806 2112 1904 2170 Bisonti-

1136 2212 1231 2254 nurnm
1245 2199 1465 2271 archiepiscopo,
1480 2200 1606 2258 salutern.

1172 2289 1364 2361 Significamus
1385 2292 1524 2349 dilectioni
1547 2304 1647 2351 restrae
1667 2295 1805 2352 dominum
1827 2314 1903 2369 papan

1136 2404 1222 2460 nuper
1242 2392 1320 2449 nobis
1342 2391 1448 2451 litteras
1465 2393 1597 2453 direxisse
1619 2398 1646 2451 ir.
1670 2398 1770 2468 quibus
1791 2408 1846 2471 pest
1864 2400 1903 2456 alia

1134 2480 1257 2551 qaraedam
1274 2482 1353 2538 nobis
1369 2492 1532 2555 praeceptum
1547 2494 1590 2541 est
1612 2494 1643 2541 ιιι
1657 2502 1706 2542 uos
1720 2489 1904 2547 cormenircnut

1136 2582 1163 2628 et
1179 2574 1341 2631 auctoritate
1355 2591 1404 2632 sna
1422 2592 1658 2637 commoneremus
1679 2590 1813 2652 qraatenns
1829 2583 1904 2642 abbati

1133 2664 1290 2721 Divionensi
1307 2668 1452 2724 ecclesiam
1473 2670 1580 2727 Sanctae
1600 2672 1694 2729 blaciae
1711 2675 1744 2730 de
1758 2674 1842 2731 Salina
1853 2678 1902 2731 ml-

1134 2758 1245 2813 derctis.
1261 2757 1348 2830 Super
1360 2774 1413 2830 qua
1427 2763 1607 2833 querimonia,
1623 2775 1704 2835 prom
1714 2766 1903 2837 reaainlscimnr,

1133 2856 1290 2903 antecessor
1300 2860 1390 2905 uester
1400 2853 1582 2921 saepeanobis
1590 2854 1768 2924 adjustitiam
1776 2874 1903 2931 casuum-

1133 2938 1193 2993 darn
1206 2954 1265 2994 cnm
1277 2942 1404 3011 predicto
1415 2945 1511 3001 abbate
1523 2934 1633 3021 ιοιιιιιιεΙ
1643 2948 1703 3015 init,
1718 2952 1787 3007 etad
1800 2952 1903 3009 ultiman

1133 3033 1166 3085 ad
1187 3030 1321 3088 lleldense
1342 3036 1485 3091 correiliunt
1502 3038 1649 3107 invitatum
1668 3057 1683 3095 ιι
1700 3058 1755 3113 qun
1768 3060 1826 3099 cum
1845 3046 1903 3100 nula

1132 3118 1267 3179 existente
1284 3126 1415 3182 canonica
1436 3131 1610 3187 excusatione
1629 3148 1658 3189 se
1682 3134 1857 3203 absentasset,
1878 3138 1904 3194 ab

1095 3231 1115 3289 g
1132 3216 1226 3271 eodem
1238 3217 1352 3273 concilio
1360 3218 1509 3290 judicatum
1520 3233 1561 3278 est
1572 3222 1696 3281 abbatem
1708 3228 1769 3284 inde
1777 3229 1903 3284 imestirn·

1131 3307 1903 3390 dnmautecclesianadivinoolllciousqneadplenamjnsti·

1132 3398 1196 3452 tiam
1207 3414 1267 3455 esse
1278 3402 1446 3470 parandam.
1455 3404 1570 3463 Proinde
1577 3412 1736 3482 praescripta
1744 3414 1902 3483 preceptione

1130 3490 1270 3545 constricti
1285 3492 1454 3552 dilectionem
1467 3508 1584 3554 vestram
1597 3503 1746 3573 apostolica
1762 3506 1901 3561 arroteritate

1131 3596 1333 3641 commutemus
1346 3595 1383 3652 ut,
1400 3590 1546 3647 secundum
1560 3595 1631 3662 quod
1648 3598 1838 3654 rationabiliter
1848 3614 1900 3668 pra*

1131 3673 1195 3730 dicti
1210 3676 1317 3731 concilii
1330 3676 1433 3747 judicio
1448 3682 1586 3751 prouisum
1601 3695 1653 3753 est,
1669 3686 1793 3745 abbatem
1806 3689 1836 3744 de
1847 3704 1898 3759 pra

1130 3762 1202 3821 dicta
1218 3766 1333 3824 ecclesia
1349 3769 1511 3828 investiatis.
1531 3774 1608 3842 Quod
1627 3787 1759 3847 quarrtnm
1774 3778 1899 3850 prudentia

1130 3864 1226 3911 restrae
1244 3860 1421 3929 satagendum
1443 3864 1479 3919 sit
1500 3880 1533 3919 ex
1557 3864 1690 3923 sententia
1715 3870 1813 3925 donnni
1831 3884 1897 3940 pauc.

1129 3962 1211 4018 qurum
1222 3962 1272 4019 per
1282 3952 1375 4007 eadent
1388 3956 1469 4009 verba
1485 3957 1530 4013 bic
1546 3958 1720 4029 salsissimus,
1733 3962 1848 4033 poteritis
1862 3975 1898 4015 co·

1129 4054 1270 4113 gnoscere,
1283 4044 1381 4113 naribos
1395 4046 1431 4099 ita
1445 4049 1525 4105 nobis
1536 4052 1643 4106 scribit.

1128 4232 1205 4295 parto
1218 4225 1389 4285 Bisuntinum
1402 4233 1549 4290 antistitem
1563 4239 1711 4295 manuenias
1723 4252 1752 4297 et
1764 4240 1896 4299 Divionemi
1978 4304 1979 4307 ,

1128 4316 1219 4374 abbati
1234 4319 1377 4377 eeclesiam
1403 4322 1510 4383 Sanctae
1531 4326 1624 4387 blaciae
1647 4338 1681 4388 de
1701 4332 1792 4389 Salina
1807 4334 1898 4391 retine

1128 4410 1289 4466 auctoritate
1304 4424 1397 4469 nostra
1416 4430 1607 4489 curamoneas,
1629 4422 1741 4495 insuper
1755 4433 1782 4481 et
1800 4423 1898 4479 lructun
1978 4432 1979 4493 ᾗ

1128 4501 1292 4570 praediorum
1304 4519 1384 4575 quaem
1397 4511 1556 4569 retentionis
1568 4522 1691 4584 ternpore
1703 4526 1867 4589 usurparunt.

1501 4601 1547 4658 tlt.

1129 4699 1236 4758 Litterae
1252 4704 1369 4775 ejusdem
1388 4708 1510 4781 lingonis
1530 4716 1566 4771 uel
1583 4717 1752 4777 lambertum
1771 4724 1898 4795 episcopus
1978 4688 1979 4731 ³

1163 4773 1370 4848 atrebatensem,
1382 4782 1474 4851 guidus
1488 4800 1547 4840 eum
1562 4790 1696 4845 invitaturi
1710 4794 1843 4849 concilium
1855 4794 1899 4847 Aa·

1164 4846 1367 4914 gurtodunense.

1428 4944 1625 5022 (Anuoldlil.)

1410 5031 1535 5106 [Bm.uz.,
1557 5040 1635 5114 itte.)

1163 5114 1239 5174 lloao
1245 5116 1433 5192 lugdunensis
1444 5130 1674 5205 arctteptscopus,
1687 5134 1898 5209 apostolieaecelit

1129 5204 1242 5279 legatus,
1256 5216 1403 5271 reiterabili
1423 5218 1451 5274 in
1465 5220 1575 5279 Claristo
1586 5225 1663 5283 lratri
1679 5227 1824 5287 buresaco
1834 5231 1898 5285 altre·

1127 5296 1231 5355 batensi
1246 5303 1382 5374 episcopo,
1402 5308 1530 5385 salutern.

1164 5386 1243 5446 Novit
1258 5392 1436 5454 fraternitatis
1450 5412 1547 5459 nestrae
1561 5405 1670 5465 dilectio
1691 5426 1771 5482 qrram
1788 5412 1897 5483 lmqaerr·
1978 5450 1979 5494 t

1128 5480 1201 5537 tibus
1223 5482 1314 5542 domari
1341 5503 1417 5561 papae
1443 5491 1546 5551 Urbani
1567 5497 1669 5559 litteris
1686 5504 1720 5560 de
1743 5502 1896 5563 convocanda

1128 5573 1155 5629 in
1179 5574 1265 5633 Gallia
1295 5584 1397 5653 synodo
1417 5586 1467 5641 sim
1499 5594 1680 5653 curamonitus
1713 5610 1741 5655 et
1763 5598 1896 5655 obedientia
1978 5602 1979 5635 ι

1128 5667 1288 5735 adstrictus,
1315 5684 1343 5730 et
1367 5678 1438 5747 qarod
1463 5680 1564 5739 diutius
1596 5700 1666 5745 oratis
1684 5690 1749 5747 illud
1779 5692 1896 5761 suscipctl
1978 5674 1979 5705 ἢ

1128 5764 1319 5820 recusaverim.
1354 5768 1420 5837 Quia
1448 5787 1514 5831 vero
1546 5778 1660 5838 ulterius
1690 5798 1831 5856 repugnare
1857 5792 1896 5835 ael

1128 5850 1198 5905 nolui
1222 5868 1271 5909 nee
1296 5856 1395 5927 debui,
1423 5866 1531 5922 taudem
1559 5872 1673 5930 consilio
1697 5875 1786 5931 dornni
1807 5870 1895 5929 abbatia
