4017 6342
239 362 294 422 ἥδ
748 359 933 419 susteatet
950 358 1176 417 marceant.
1194 356 1354 415 aaudiat.
1815 355 1863 413 lit

241 477 377 535 lrabcntur
401 480 429 535 in
443 476 514 532 uillis
530 440 623 531 SAneti
637 473 708 529 l’etri
724 474 801 529 rnrrlti
822 476 944 530 attenuati
957 515 965 538 ‚
976 475 1031 530 imo
1045 476 1069 533 A
1082 474 1165 529 sionis
1174 472 1253 529 uillas
1262 471 1382 542 qnalibet
1392 470 1536 528 occasione
1546 471 1686 539 invadant,
1705 485 1862 543 omnemque

239 579 375 641 raptores,
390 570 417 625 iu
431 566 703 638 aliquibusquinque,
716 565 742 619 in
753 566 888 636 aliquibus
902 576 1030 636 quatuor,
1082 579 1216 619 annonam
1233 578 1295 619 curn
1323 563 1470 619 redditibus
1489 563 1587 620 exinde
1606 565 1685 621 nobis
1706 566 1863 636 provenien-

241 658 269 724 in
296 660 431 730 aliquibus
450 667 524 722 tres,
552 658 579 711 in
596 654 730 723 aliquibus
744 657 826 711 etiam
845 664 968 726 septem;
985 659 1031 727 qui
1082 654 1153 709 tibus
1178 662 1225 709 aut
1246 668 1295 723 pro
1328 668 1358 709 se
1381 653 1525 724 accipiant,
1550 662 1597 709 aut
1617 655 1711 711 tandiu
1738 654 1865 711 violenter

240 756 340 817 prater
363 758 418 803 tros
440 746 604 816 principales
621 746 762 815 generales
774 746 889 816 placitos
911 750 1032 816 quaudo·
1083 744 1231 809 detineant,
1245 743 1332 799 donec
1355 744 1459 813 rnajora
1474 759 1555 813 quarn
1579 746 1655 815 prius
1670 746 1811 815 petierunt
1833 747 1864 801 ab

239 850 347 906 euinque
360 836 452 889 uolunt
476 834 514 890 ibi
539 835 674 904 sigillatim
687 834 818 905 placitant
835 855 842 889 :
858 848 1030 907 precaturas,
1081 832 1174 887 invitis
1188 834 1307 902 exigant.
1319 830 1610 887 Crebrescentibusbis
1632 833 1703 903 apud
1718 848 1768 887 nos
1790 834 1863 889 malis

239 925 295 979 imo
307 924 426 994 rapinas,
440 939 508 994 quas
531 925 619 979 nullas
636 926 748 979 omnino
769 926 870 981 lralrere
885 926 984 982 debent
997 928 1031 982 de
1078 923 1134 993 jam
1146 925 1254 994 triginta
1265 925 1355 989 antris,
1368 924 1394 979 in
1414 924 1466 981 buc
1480 925 1618 994 bicuqium
1630 926 1864 997 perrenitgladius

239 1029 335 1078 arena,
349 1015 384 1071 de
396 1015 569 1083 multacibus,
581 1017 614 1072 de
626 1018 756 1080 denariis,
773 1018 806 1072 de
823 1019 948 1073 omnibus
961 1032 1032 1087 pene
1081 1030 1167 1085 usque
1191 1016 1223 1071 ad
1241 1016 1370 1082 auiraarn,
1396 1023 1424 1069 et
1450 1014 1513 1069 dum
1538 1016 1573 1079 ab
1596 1024 1663 1071 aestu
1682 1014 1863 1073 tribulationis

239 1104 383 1159 mobilibus
405 1114 500 1160 contra
525 1105 692 1161 voluntatem
716 1121 878 1175 pauperum,
898 1122 951 1162 non
967 1122 1031 1176 pre·
1081 1105 1226 1175 quaerimus
1251 1104 1368 1160 nondum
1393 1105 1532 1159 inventam
1559 1105 1662 1177 requiei
1677 1106 1813 1174 umbram,
1827 1108 1864 1163 in·

239 1194 339 1258 cando,
367 1194 415 1247 sed
441 1193 559 1250 tollendo
586 1194 690 1250 iaciunt
702 1196 818 1265 saepius,
832 1196 878 1249 ubi
893 1195 1030 1264 sigillatim
1080 1199 1214 1253 antonimus
1231 1197 1391 1253 succisionis
1414 1197 1510 1251 falcem
1536 1206 1563 1253 et
1578 1198 1712 1263 lanceam,
1727 1212 1810 1268 quana
1827 1201 1865 1253 iu·

239 1293 375 1339 nocturne
386 1284 667 1353 diverticuloiaeendo
677 1302 811 1357 pauperes
830 1288 1030 1344 mansionarios
1081 1288 1175 1343 tulisse
1197 1288 1276 1343 nobis
1297 1288 1452 1359 plangimus
1477 1288 1625 1347 llontensis
1638 1289 1784 1345 comitissae
1800 1290 1867 1345 mili·

239 1373 405 1431 omnimodis
418 1375 550 1445 allligunt.
565 1375 594 1430 ln
613 1375 719 1443 placitis
735 1386 836 1445 praeter
848 1366 990 1432 ‘birrcinam
1003 1386 1031 1432 et
1081 1380 1156 1443 tiarn,
1170 1394 1231 1448 quae
1245 1378 1271 1433 in
1283 1381 1485 1434 succensionem
1498 1368 1566 1450 ignis
1581 1390 1609 1439 et
1620 1380 1865 1450 depreciationem,

241 1465 365 1519 testeiam
378 1480 431 1520 non
445 1464 525 1519 debet
537 1464 637 1520 babere
650 1465 797 1521 advocatus
810 1468 862 1522 nisi
877 1475 932 1523 tres
944 1467 1030 1522 dena·
1040 1494 1047 1541 '.
1080 1473 1107 1519 ct
1122 1464 1306 1535 captiuitatem
1318 1474 1347 1519 ct
1362 1473 1476 1519 mortem
1491 1465 1595 1535 redegit
1608 1473 1691 1519 totam
1700 1465 1771 1535 juris
1783 1468 1865 1523 nostri

240 1552 657 1619 rios,etalicubidues,nrodo
682 1555 704 1609 si
727 1555 826 1626 aliquis
850 1572 903 1611 nou
929 1556 1028 1626 placito
1080 1556 1217 1610 viciniam.
1246 1552 1274 1610 ln
1298 1554 1341 1611 bis
1365 1556 1491 1611 cornibus
1520 1566 1632 1613 nonest
1653 1570 1766 1612 auersus
1792 1558 1866 1613 lutor

241 1645 414 1700 scabinorum
436 1646 528 1701 banno
555 1644 637 1700 luerit
661 1647 784 1702 deuictus
808 1650 868 1703 sine
892 1658 1029 1718 potestate
1079 1646 1149 1715 ejus,
1169 1645 1216 1699 sed
1240 1644 1329 1701 adbuc
1353 1659 1450 1699 tnartus
1473 1644 1532 1713 ejus
1558 1654 1671 1701 extensa
1690 1663 1696 1701 :
1712 1662 1865 1719 quiunquam

241 1737 376 1801 advocati,
388 1737 534 1792 advocatus
549 1738 605 1791 ruit
627 1737 728 1815 trabere
744 1742 851 1796 tertium
866 1742 1025 1809 terrarium
1079 1734 1223 1805 probibeat
1241 1734 1359 1805 gladium
1378 1750 1393 1791 a
1418 1737 1561 1807 sanguine,
1590 1739 1709 1811 excessit
1732 1740 1811 1795 terris
1824 1740 1866 1807 iu-

240 1827 313 1899 quod
327 1827 399 1882 rrutlo
419 1828 499 1885 modo
517 1828 599 1883 debet
614 1829 684 1897 lieri,
704 1830 755 1886 nisi
768 1831 879 1886 enrrrino
899 1834 1030 1889 resistens
1045 1823 1067 1882 ll
1081 1827 1164 1882 stitia.

241 1917 363 1972 deuictus
383 1914 465 1973 licerit
479 1934 596 1991 censura
619 1919 754 1975 advocati.
769 1920 812 1977 ln.
823 1920 905 1985 loris,
922 1922 948 1977 in
963 1936 1029 1976 san·
1116 1918 1171 1974 Sub
1184 1918 1335 1975 hisdiebus
1349 1919 1494 1987 Eibertus,
1508 1920 1606 1977 nobilis
1621 1922 1790 1987 adolescens,
1807 1922 1864 1977 bel-

243 2008 332 2078 guinis
355 2008 460 2073 lusura,
483 2010 509 2064 in
536 2011 760 2079 nranunrissuris‚
777 2013 804 2067 iu
818 2014 926 2067 licentia
948 2014 1029 2068 mari·
1080 2010 1132 2066 lieo
1148 2012 1203 2067 ictu
1217 2012 1271 2066 uita
1284 2010 1428 2075 decedens,
1447 2013 1473 2066 in
1485 2013 1580 2083 agonia
1599 2014 1703 2083 positus
1714 2014 1743 2069 S.
1755 2014 1864 2070 Petrrrrn

242 2098 328 2164 tandi,
344 2099 371 2151 in
385 2107 490 2154 mortua
504 2114 597 2166 nnana,
613 2101 681 2156 nibil
697 2102 778 2157 debet
792 2104 893 2158 babere
911 2104 1029 2159 aduoca—
1079 2110 1258 2171 sanctumque
1271 2100 1430 2159 Ursmarum
1446 2105 1554 2159 ‹lerurit
1576 2106 1627 2161 sibi
1649 2107 1795 2172 luurcdem,
1807 2110 1865 2179 qni-

242 2196 298 2254 tus,
330 2189 384 2245 nisi
400 2191 524 2248 minister
540 2192 632 2248 abbati
654 2193 846 2251 declamaverit
859 2197 930 2264 apud
947 2212 1027 2261 euru,
1078 2192 1130 2249 bus
1154 2192 1246 2249 omnia
1267 2194 1337 2264 iuris
1360 2195 1401 2249 sui
1420 2196 1570 2265 possessiva
1595 2198 1705 2268 reliquit
1719 2199 1752 2254 ad
1768 2197 1811 2253 soi
1825 2216 1865 2255 rc·

241 2290 270 2334 et
291 2279 350 2348 ipse
373 2280 521 2337 advocatus
543 2284 569 2338 ei
584 2284 729 2341 redemerit
750 2301 758 2339 ι
778 2286 858 2340 ιιιοιΙο
882 2286 1028 2355 aliquando
1079 2284 1181 2353 quiem.
1195 2284 1261 2341 Post
1275 2286 1422 2341 triennium
1439 2289 1530 2343 obitus
1554 2288 1612 2357 ejus
1626 2290 1732 2360 perlato
1753 2308 1867 2361 corpore

241 2372 464 2441 tertiampartem
477 2383 505 2427 et
518 2372 661 2443 aliquando
686 2386 756 2433 totas
777 2386 832 2433 tres
845 2388 938 2449 partes
962 2379 1029 2433 diri·
1079 2375 1159 2445 iratius
1186 2376 1217 2431 B.
1239 2378 1345 2447 patroni
1371 2380 1455 2433 nostri
1472 2380 1605 2448 Ursnrari,
1632 2385 1724 2439 onmia
1737 2383 1859 2455 legitime

240 2459 339 2531 pieudo
362 2460 413 2518 sibi
433 2461 581 2519 vindicant.
1078 2466 1260 2537 pervadimus,
1281 2483 1327 2523 scu
1343 2468 1369 2523 in
1384 2478 1504 2525 nostram
1519 2471 1718 2541 possessiouem
1733 2473 1867 2527 corruerti·

276 2547 422 2619 Legitimos
435 2552 582 2609 advocatus
593 2554 815 2613 totamlntuiliam
833 2558 1029 2618 altarisSancti
1079 2572 1154 2628 mus,
1169 2558 1379 2631 legitimojure3
1396 2562 1442 2615 sed
1469 2564 1633 2633 praecipuum
1658 2564 1722 2618 illud
1740 2564 1866 2619 allodium

241 2638 313 2693 Petri
326 2640 407 2696 debet
432 2651 524 2699 tenere
546 2646 663 2703 innranu
690 2664 762 2704 suar
785 2666 858 2706 uurrc
873 2652 915 2706 bis
932 2662 960 2706 et
975 2652 1028 2708 illis
1079 2651 1169 2722 Asgup
1185 2652 1364 2713 nominatum,
1384 2668 1437 2707 non
1451 2664 1493 2707 est
1506 2654 1609 2710 ueritus
1627 2666 1722 2710 sancto
1738 2657 1868 2726 uobisque

240 2746 290 2801 per
303 2742 395 2802 partes
419 2734 447 2789 in
467 2730 628 2793 benellcium
645 2739 776 2796 distracta
795 2742 985 2813 depredatur,
999 2751 1028 2799 ct
1080 2744 1266 2799 contradicere
1281 2746 1457 2800 consobrinus
1473 2745 1545 2803 illius
1566 2746 1594 2801 lic
1596 2758 1629 2801 et
1652 2746 1753 2815 irrjnste
1769 2749 1866 2803 ilenri-

239 2819 407 2876 annibilatur
431 2838 485 2879 non
507 2826 598 2894 unius,
627 2828 676 2884 sed
703 2828 804 2885 multoc
806 2846 850 2883 um
887 2830 1029 2889 uiolentia.
1080 2832 1297 2899 cusllarbasiae,
1311 2850 1430 2905 proque
1449 2844 1547 2890 restrae
1571 2836 1709 2908 dignitatis
1733 2837 1866 2917 excellen-

242 2908 435 2981 Ubicunque
427 2930 455 2968 rn
472 2917 560 2973 radiis
579 2917 728 2976 advocatus
753 2921 861 2975 tertium
886 2922 1027 2977 derrarium
1080 2926 1144 2980 tiam
1166 2940 1214 2981 scu
1239 2924 1410 2981 clementiam
1436 2925 1624 2996 imploramus,
1649 2936 1786 2999 quatenus
1812 2928 1867 2998 ejus

241 3001 321 3057 debet
332 3003 444 3069 habere
458 3011 639 3066 commnnrter
649 3012 775 3068 minister
788 3013 906 3082 abbatas
935 3023 961 3069 et
977 3014 1028 3069 mi·
1079 3016 1277 3086 excellentiam,
1303 3033 1364 3089 quae
1399 3017 1488 3072 adbuc
1516 3018 1593 3074 nobis
1623 3008 1791 3085 resistitur
1820 3022 1867 3077 bac

240 3090 465 3151 nistoradrocati
492 3099 602 3154 radium
625 3100 724 3157 debent
749 3104 930 3173 oppretiare:
946 3104 1026 3160 nrodo
1080 3112 1199 3167 coerceri
1224 3111 1411 3181 impetremus.
1434 3110 1472 3165 Dc
1498 3120 1608 3177 caetero,
1622 3128 1656 3167 ne
1681 3124 1775 3169 nostra
1793 3126 1867 3168 exse-

240 3185 362 3247 adrorati
374 3189 437 3244 binc
456 3203 486 3244 se
500 3200 637 3260 separant,
663 3202 693 3247 el
714 3196 862 3250 secundum
884 3196 1027 3251 additium
1041 3181 1065 3246 C
1080 3202 1194 3259 eremini
1213 3199 1394 3273 multiloquia,
1407 3202 1455 3255 ttat
1469 3202 1646 3271 querimoniae
1671 3211 1774 3259 nostrae
1792 3204 1866 3257 clau·

239 3292 318 3333 suum
336 3278 410 3349 leges
424 3295 488 3335 suas
511 3294 545 3335 ex
565 3280 671 3352 integre
686 3285 833 3354 accipiunt.
849 3284 953 3341 Praeter
969 3287 1028 3343 bae
1079 3294 1148 3349 sula.
1160 3292 1288 3364 Fiot'pac
1302 3294 1330 3349 in
1343 3294 1438 3348 uirtute
1454 3302 1520 3361 tuo,
1536 3304 1564 3347 et
1582 3296 1621 3349 sic
1641 3294 1695 3349 erit
1709 3296 1735 3350 in
1752 3294 1868 3349 turribus

240 3382 307 3423 vero
330 3384 390 3439 quae
413 3369 542 3434 dirimas.
563 3372 601 3427 ita
620 3373 699 3431 nobis
717 3375 828 3444 quidam
851 3377 948 3434 borum
965 3387 1029 3435 sunt
1078 3386 1181 3441 nostris
1200 3385 1375 3453 abundantia,
1392 3384 1493 3456 quibus
1507 3384 1621 3455 sirrgulis
1641 3386 1722 3442 annis
1737 3385 1865 3441 deliciunt

240 3457 342 3525 infesti,
354 3468 385 3514 ut
397 3461 447 3515 nisi
462 3463 608 3530 quotannis
618 3464 756 3535 quidpiam
768 3470 890 3523 muneris
911 3471 945 3524 ad
965 3470 1027 3525 libi·
1080 3480 1162 3535 etiarn
1178 3479 1314 3537 victualia.

240 3558 297 3603 tum
307 3565 384 3604 suum
399 3566 414 3605 a
427 3553 504 3607 trolris
518 3555 681 3623 acceperint,
694 3556 775 3611 ctiaot
786 3559 858 3628 ipsas
871 3575 925 3615 suc
934 3561 1026 3617 deleu-

260 3728 1850 3797 ''mmm—„m

863 3895 958 3938 tttrttt
981 3896 1095 3940 adunit
1117 3894 1249 3943 bic-MC!

346 4050 966 4257 ADELGORIUS
1008 4134 1125 4219 srva
1166 4062 1748 4291 ADELGOTUS

632 4285 637 4292 “
730 4328 1025 4388 nncrrtcrrsccrus
1056 4329 1371 4431 utcnmuncsusts

940 4485 1171 4501 m

487 4596 992 4715 anensem!
1010 4744 1013 4749 ¹
1032 4606 1152 4716 aar
1188 4606 1617 4721 aaronem

907 4830 1196 4925 EPISTOLA

320 4999 369 5057 M)
386 5000 1238 5091 triscelessaxoniae,taauctAE,L0l·ttan1AutAE,
1259 5022 1304 5077 ET
1327 5021 1446 5078 audes
1471 5022 1774 5082 clttttsmrtostbs

483 5161 618 5218 Auxilium
629 5171 720 5235 petest
735 5167 859 5224 adunus
869 5184 998 5239 paganos,
1017 5170 1063 5242 qui
1075 5168 1240 5228 Claristiarror
1252 5175 1431 5241 crudelissime
1448 5174 1596 5233 cedebant.
1667 5158 1670 5165 Δ

434 5314 533 5387 (Edidit
546 5316 615 5375 Dona
626 5318 759 5377 marsus
781 5321 870 5394 dmpt.
881 5322 989 5381 Collect.
1001 5330 1024 5381 t.
1035 5325 1056 5394 l,
1069 5326 1121 5382 eol.
1143 5326 1212 5395 626,
1227 5344 1260 5385 ex
1277 5345 1327 5386 ms.
1341 5332 1433 5390 codice
1448 5331 1668 5405 Grailebatensi.)

270 5602 454 5675 Anibactrus,
467 5610 516 5668 liei
539 5614 627 5685 gratia
656 5612 911 5685 liugadabnrgensis
932 5614 1021 5671 arcui·
1073 5614 1302 5687 Nucnburgensis,
1317 5616 1482 5673 llenswrcus
1494 5615 1650 5681 llisnensis,
1665 5616 1749 5673 llsctt
1765 5613 1858 5671 liabel·

236 5708 391 5770 epucoptts,
415 5700 549 5760 derorum
573 5703 814 5776 llerseburgetrsis,
834 5704 1024 5764 Wscsssusus
1076 5706 1227 5776 bergensis,
1253 5704 1418 5761 litarent-rr
1435 5706 1703 5777 Brandeburgensis,
1728 5704 1858 5762 Orruco·
