4017 6342
281 338 352 400 rous
849 332 1018 417 nearent
1035 332 1182 391 acuaris
1200 332 1231 392 ε.
1250 334 1361 393 ncasn
1846 342 1901 403 «a,

279 460 390 517 'tertius
408 458 476 515 ordo
491 470 587 514 eorum
604 454 652 527 qui
663 448 823 525 iudicantur
839 460 867 508 et
886 462 1001 525 requam
1014 472 1020 509 :
1035 451 1075 508 iili
1088 458 1114 517 ι
1126 452 1249 523 ponitur,
1266 461 1298 509 ut
1312 452 1410 510 inferni
1422 453 1561 513 cruciatu
1574 454 1711 528 designet
1727 454 1855 515 fuctum
1868 474 1902 521 ee

279 552 368 607 ordini
386 559 429 607 est
442 548 607 615 contrarius,
622 546 657 603 de
678 561 733 617 quo
752 554 817 603 sunt
842 546 890 617 qui
911 546 1071 617 judicantur
1123 544 1246 615 itaquea
1264 546 1376 603 nouriue
1391 547 1444 604 loci
1457 564 1491 603 er
1504 548 1579 605 tarde
1592 548 1739 604 huminum
1752 548 1790 605 ibi
1804 549 1901 611 infero

278 654 307 699 et
321 651 443 713 pereunt.
456 639 576 707 Quartus
586 638 653 695 ordo
671 654 766 694 eorum
780 638 828 709 qni
844 653 897 694 non
911 639 1072 710 judicantur
1123 646 1229 693 ctorum
1251 637 1392 695 horribilia
1414 654 1447 694 ac
1468 639 1637 707 fetidissimi,
1665 639 1715 710 qni
1741 640 1845 697 dicitur
1864 662 1900 715 qe-

279 743 305 789 ει
328 739 443 801 reqnant
455 730 602 801 opponitur
624 729 663 784 illi
683 729 823 784 contrario
847 730 950 796 ordini,
974 730 1001 784 in
1016 745 1071 801 qno
1124 729 1226 795 henna,
1247 730 1273 785 id
1295 738 1340 787 εει
1360 731 1439 787 uallis
1459 730 1578 787 diiornm
1593 730 1714 799 Ennom,
1730 740 1759 788 et
1780 734 1901 806 siquiden

278 822 317 877 illi
330 830 394 877 sunt
404 821 451 891 qui
467 835 520 876 non
533 820 693 891 judicantur
704 828 731 875 et
752 828 876 889 pereunt.
892 818 1005 875 Gemina
1019 836 1073 891 pu·
1124 819 1215 877 futura
1237 821 1379 892 supplicia.
1396 822 1424 877 lu
1439 822 1492 879 lrae
1516 822 1586 877 ralle
1598 823 1679 880 incus
1695 834 1758 881 erat
1768 841 1900 884 consona
1967 875 1968 888 ,

278 915 353 971 nitur
374 914 509 969 sententia
534 912 645 983 impius,
669 912 734 967 dum
756 919 803 967 aut
822 912 867 967 hic
886 926 999 982 prorsus
1019 926 1072 981 pro
1123 923 1168 971 tus
1191 916 1264 971 idolo
1285 914 1360 983 Baal,
1376 916 1421 972 cui
1436 916 1573 973 dementia
1589 915 1676 973 lsrael
1697 916 1862 986 immolabat,
1878 932 1901 978 ει

278 1006 337 1062 εειε
350 1004 455 1061 meritis
467 1004 566 1061 mentis
578 1004 698 1060 caecitate
710 1004 871 1074 percutitur,
883 1018 918 1059 ne
928 1002 1071 1059 veritatem
1123 1005 1195 1062 filios
1216 1022 1283 1063 suos
1303 1006 1447 1063 daemoniis
1469 1006 1640 1063 incendebat.
1663 1006 1713 1063 Est
1734 1018 1825 1064 auteur
1839 1009 1900 1069 Uera

277 1098 381 1164 rideat,
401 1106 448 1153 aut
461 1098 526 1153 dum
545 1096 573 1153 in
592 1096 647 1152 flne
661 1095 837 1152 damnabitur
851 1104 881 1151 ut
893 1096 1073 1167 debitaspoe·
1123 1096 1182 1168 ipse
1196 1097 1274 1167 iuxta
1301 1094 1469 1154 Hierusalem
1487 1098 1521 1153 ad
1545 1097 1665 1153 radicem
1690 1100 1794 1156 montis
1820 1099 1898 1170 iforia,

277 1204 328 1245 nas
341 1190 475 1246 exsoluat.
1123 1188 1170 1244 uiri
1183 1188 1257 1245 Siloa
1277 1189 1346 1246 fluit.
1358 1189 1417 1246 Uoc
1427 1188 1532 1263 Regum
1543 1190 1672 1245 volumen
1686 1200 1715 1245 et
1731 1188 1899 1261 Paralipome-

315 1299 326 1332 r
340 1280 391 1347 Qui
403 1289 494 1335 antem
506 1278 607 1336 dixerit
617 1278 693 1335 fratri
708 1294 774 1337 suo:
785 1294 857 1347 raca,
869 1294 932 1335 reus
943 1280 994 1335 erit
1005 1294 1073 1334 con·
1123 1296 1178 1337 nou
1197 1290 1224 1338 ει
1246 1280 1379 1339 ieremias
1392 1282 1518 1337 scribunt
1538 1282 1710 1353 plenissime,
1720 1290 1749 1337 et
1764 1285 1899 1341 cornuin·

277 1370 350 1428 silio.
365 1371 417 1438 Qni
442 1380 533 1427 annm
550 1370 669 1426 dixerit:
684 1370 767 1438 fatue,
790 1386 854 1427 rens
869 1372 921 1426 erit
942 1370 1072 1441 gehenna
1123 1380 1169 1427 tur
1183 1372 1256 1428 fleus
1273 1388 1303 1427 se
1322 1372 1412 1428 focum
1431 1374 1521 1444 ipsum
1541 1373 1717 1445 impleturum
1738 1374 1900 1433 masenius

278 1461 359 1535 ignis.
375 1482 385 1516 r
400 1462 474 1519 liaca
492 1463 605 1519 verbum
618 1464 728 1535 proprie
741 1470 783 1518 est
796 1460 981 1518 ifelrraeornm.
998 1460 1072 1517 fiaca
1123 1474 1307 1533 mortuorum,
1335 1474 1366 1521 ut
1393 1480 1565 1537 nequaquam
1593 1475 1707 1521 roeetur
1737 1464 1856 1537 Topireti
1878 1478 1900 1523 et

277 1555 350 1611 enim
365 1554 465 1610 dicitur
479 1570 573 1623 cenes,
590 1554 672 1610 idest
696 1555 786 1609 inauris
802 1562 850 1609 aut
864 1569 977 1619 uacuus,
990 1568 1071 1624 quem
1123 1552 1199 1623 Baal,
1215 1556 1262 1611 scd
1283 1565 1395 1611 vocetur
1407 1555 1593 1628 f‘oyandrnm,
1609 1556 1637 1611 id
1652 1567 1694 1612 εει
1707 1558 1831 1613 tumulus
1838 1574 1898 1613 uror-

278 1662 330 1703 nns
339 1648 448 1718 uulgata
461 1646 561 1717 injuria
573 1647 677 1717 absque
689 1646 903 1702 cerebrodicere
914 1660 1070 1715 possumus.
1123 1655 1244 1703 tuorum.
1272 1646 1408 1715 Quoniam
1433 1664 1499 1704 rens
1527 1647 1580 1705 erit
1603 1649 1738 1719 peirenuar.
1765 1648 1837 1720 iqnis
1861 1652 1898 1721 qui

279 1734 332 1804 Qui
345 1752 410 1808 erqo
424 1738 569 1793 vacuitatis
581 1738 757 1807 opprobrium
771 1737 837 1793 dicit
847 1736 924 1791 fratri
933 1752 993 1803 sno,
1009 1736 1072 1806 Spi-
1122 1738 1223 1795 dixerit
1245 1738 1320 1795 fatue
1346 1738 1423 1794 fratri
1444 1755 1506 1808 suu,
1532 1755 1599 1810 erqo
1626 1740 1813 1796 reconciliatio
1839 1758 1899 1813 que

279 1830 362 1883 ritum
374 1828 454 1899 pleno
466 1828 676 1897 (ricimirnirum
689 1827 915 1884 reusdteonsilio
927 1826 1072 1896 acindicio
1087 1817 1109 1873 Β
1123 1831 1206 1886 reuda
1222 1839 1264 1887 εει
1288 1845 1305 1886 a
1329 1831 1415 1888 fratre
1436 1832 1513 1888 leso.
1539 1830 1574 1887 Et
1596 1832 1650 1888 froc
1670 1839 1715 1887 est
1733 1832 1807 1903 quod
1820 1834 1898 1905 sequi·

279 1931 447 1987 sanctorum,
469 1919 663 1976 contumeliam
689 1918 775 1975 sancti
798 1918 917 1988 Spiritus
941 1918 1070 1972 initurus.
1123 1928 1191 1976 turc

277 2008 352 2068 linea
368 2011 520 2081 interjectio
532 2020 584 2078 est,
598 2010 724 2067 affectum
736 2010 903 2081 indignantis
913 2010 1070 2065 ostendens.
1161 2028 1171 2064 ι
1190 2010 1219 2067 Si
1235 2028 1301 2079 erqo
1311 2012 1393 2070 offers
1405 2030 1507 2071 mrruns
1523 2023 1601 2069 tunm
1613 2012 1648 2069 ad
1664 2014 1763 2080 altare,
1779 2023 1808 2069 et
1817 2014 1852 2071 tn
1863 2032 1898 2073 te·

277 2100 335 2159 iioc
345 2103 418 2158 enim
434 2102 524 2159 audiri
539 2118 554 2157 a
568 2102 688 2173 quodam
699 2100 823 2158 llenraeo.
833 2102 901 2158 Cum
915 2102 940 2159 id
956 2102 1072 2157 interro·
1123 2104 1251 2159 cordatus
1267 2104 1353 2161 fueris
1372 2107 1436 2177 qnia
1455 2104 1540 2161 irater
1557 2114 1621 2162 tuns
1635 2106 1720 2161 habet
1740 2106 1840 2177 aliquid
1858 2108 1898 2163 ad·

277 2210 395 2267 qassem,
406 2194 476 2249 dixit
490 2209 655 2251 esserocem
667 2209 721 2249 non
737 2194 933 2265 significantem
955 2193 1070 2264 aliquid,
1123 2210 1232 2250 versum
1246 2204 1282 2260 te,
1294 2196 1419 2267 relinque
1434 2198 1472 2253 ibi
1490 2212 1593 2254 munus
1604 2205 1682 2253 tunm
1700 2198 1863 2264 annullare,
1876 2208 1898 2255 rt

278 2287 326 2343 scd
338 2287 503 2357 indignantis
527 2286 610 2341 animi
639 2294 743 2341 motum
770 2285 977 2355 exprimentem.
1005 2284 1073 2339 Fra·
1122 2285 1191 2340 rade
1210 2286 1287 2355 prius
1309 2288 1482 2345 reconciliari
1502 2289 1580 2344 fratri
1595 2298 1656 2356 tuo,
1671 2298 1700 2345 ει
1720 2298 1786 2345 tune
1803 2290 1898 2345 realem

278 2386 321 2433 ter
336 2387 428 2434 noster
440 2379 539 2449 estqui
555 2378 583 2433 in
596 2377 736 2434 Christum
757 2377 852 2433 credit.
868 2376 919 2443 Qui
934 2392 998 2431 sucro
1010 2391 1072 2431 cre·
1123 2374 1333 2432 oneresnnnus
1346 2386 1434 2433 tunm.
1451 2397 1460 2431 ι
1475 2378 1633 2435 Absurdum
1648 2387 1692 2435 est
1703 2382 1897 2435 transmarinus

278 2468 351 2525 denti
367 2469 394 2525 in
414 2470 500 2525 Deum
512 2470 578 2525 dicit
594 2487 601 2525 :
620 2469 703 2537 fatue,
718 2468 818 2539 impius
830 2476 872 2522 est
888 2466 914 2522 in
929 2466 1070 2537 religione.
1123 2465 1246 2534 fratrem,
1264 2470 1288 2525 si
1306 2470 1344 2524 ita
1359 2469 1500 2537 acciderit,
1515 2472 1627 2526 credere
1640 2472 1828 2541 quaerendum.
1840 2470 1898 2541 irps

280 2559 332 2627 Qui
346 2576 420 2631 ergo,
432 2576 513 2631 qnem
529 2560 612 2617 salem
629 2560 700 2617 fleus
717 2567 856 2629 nuncupat
868 2559 909 2613 rel
923 2558 991 2613 vitio
1002 2555 1073 2611 infa-
1123 2560 1159 2617 ad
1181 2562 1315 2631 spiritalia
1342 2561 1467 2633 refugere
1495 2562 1630 2633 cogimur.
1658 2571 1690 2617 ut
1713 2564 1787 2633 quod
1811 2564 1897 2619 dictum

277 2654 346 2711 tuati
362 2670 461 2711 sensus
469 2655 619 2711 lassescent
627 2654 698 2725 (sic),
708 2654 783 2724 prius
794 2652 950 2721 hujusmodi
959 2650 1073 2705 rualedi·
1122 2658 1194 2706 estu
1204 2650 1280 2707 Vade
1294 2650 1371 2721 prius
1382 2653 1555 2707 reconciliari
1565 2651 1644 2707 fratri
1656 2662 1717 2718 tuo,
1727 2674 1737 2705 ι
1749 2655 1807 2709 sine
1817 2654 1898 2708 absur-

277 2755 322 2801 cto
337 2746 430 2801 aterni
446 2744 517 2815 iqnis
530 2746 659 2817 pabulum
671 2746 733 2812 erit,
749 2744 802 2799 nisi
819 2744 880 2799 inde
896 2741 1070 2799 satisfecerit.
1123 2741 1208 2797 ditate
1222 2744 1309 2813 possit
1332 2744 1454 2813 intelligi.
1476 2741 1531 2799 Nos
1547 2758 1645 2799 snmus
1666 2745 1807 2814 tempium,
1827 2746 1899 2798 altare

277 2834 386 2894 iustitia
404 2836 606 2893 errarisaeorurn
618 2845 660 2892 est
674 2844 769 2892 utnon
785 2837 943 2903 occidatur;
964 2834 1072 2905 justitia
1123 2843 1165 2891 εει
1185 2835 1253 2891 tides
1270 2836 1393 2891 interior.
1415 2835 1484 2891 Cum
1508 2850 1574 2905 erqo
1594 2835 1622 2891 in
1639 2836 1725 2892 corde
1747 2846 1837 2893 uostm
1851 2834 1897 2889 llo·
1972 2829 1973 2848 ³

278 2928 388 2985 illorum
405 2930 451 3000 qui
467 2930 594 2984 intraturi
615 2930 725 2985 suntin
748 2945 860 3001 regnum
876 2930 1021 2995 coelorum,
1041 2937 1073 2985 ut
1122 2926 1199 2982 mino
1213 2926 1341 2983 uolumus
1362 2926 1460 2982 offerre
1482 2926 1645 2994 orationem,
1665 2928 1690 2983 si
1712 2928 1740 2982 iu
1756 2927 1844 2999 aliquo
1860 2928 1901 2981 lc·

278 3036 334 3077 non
352 3022 515 3079 irascantur.
532 3022 584 3090 Qui
611 3038 665 3078 non
686 3023 786 3078 occidit
805 3022 1007 3079 contiuuonon
1029 3032 1073 3077 est
1123 3018 1212 3074 sirnus
1231 3017 1354 3085 fratrem,
1372 3018 1539 3089 pergendum
1565 3028 1687 3075 estnon
1717 3020 1826 3090 pedibus
1846 3032 1900 3073 oor·

279 3128 396 3185 magnus
421 3122 447 3170 et
472 3114 586 3172 idoneus
615 3130 699 3187 regno
729 3114 880 3178 coeiornm,
909 3113 956 3169 sed
980 3122 1070 3169 tamen
1086 3148 1106 3207 C
1124 3109 1209 3179 poris,
1238 3109 1286 3165 sed
1318 3110 1438 3165 motibus
1469 3109 1555 3165 animi
1589 3110 1624 3165 ad
1653 3112 1899 3167 reconciliationem.
1973 3157 1974 3178 ,

278 3204 403 3259 ascendit
416 3204 534 3275 aliquem
556 3205 681 3277 gradum.
696 3204 854 3259 Pericletnr
871 3212 960 3259 antem
975 3204 997 3259 si
1016 3220 1071 3259 non
1124 3200 1154 3255 Si
1174 3210 1264 3255 antem
1280 3214 1401 3270 praesens
1421 3200 1467 3267 sit,
1489 3201 1661 3257 revocandus
1681 3210 1722 3259 est
1742 3202 1902 3272 ingratiam,
1973 3207 1974 3292 l

279 3296 534 3355 insonanter-ns
547 3308 588 3353 est
600 3298 679 3354 irasci
694 3296 770 3352 fratri
782 3312 864 3367 qnam
879 3298 1070 3364 dicerexraea;
1123 3292 1287 3362 postulando
1312 3291 1431 3363 reniam,
1454 3290 1576 3365 siprius
1592 3294 1638 3349 lric
1657 3293 1814 3350 coramlieo
1835 3292 1906 3349 fece·
1973 3303 1974 3374 l

278 3390 408 3447 elferius
425 3390 516 3447 dicere
539 3406 602 3446 raca
618 3406 701 3461 qnam
727 3388 809 3444 fatne.
829 3389 921 3444 Primo
943 3388 1017 3443 enim
1029 3397 1071 3445 est
1123 3383 1174 3440 tio·

279 3481 321 3539 ira
332 3482 406 3549 sola;
420 3482 591 3553 pectendum
606 3482 645 3535 ira
656 3490 682 3536 et
692 3496 745 3535 ror
757 3480 964 3552 irnliqnationis;
979 3490 1072 3550 postea
1462 3461 1502 3530 De
1522 3476 1575 3531 ira.

279 3578 344 3644 tria,
365 3580 417 3646 ira,
431 3587 460 3635 et
481 3595 546 3645 ror,
562 3587 590 3635 et
607 3586 681 3633 certa
701 3576 850 3647 expressio.
872 3574 1009 3631 lnrlirinm
1031 3583 1074 3632 εει
1158 3564 1200 3621 lto
1217 3566 1398 3622 nihilominus
1411 3575 1455 3623 ool
1470 3566 1641 3623 multimodis
1658 3566 1779 3623 furioso:
1798 3567 1907 3637 ipootloo

281 3670 340 3737 frae,
354 3670 381 3724 in
395 3686 451 3741 quo
463 3670 552 3727 adhuc
565 3670 645 3726 datur
660 3670 737 3725 locus
747 3667 910 3725 defensioni.
922 3667 969 3724 Est
980 3678 1072 3725 autem
1123 3674 1140 3715 t
1154 3660 1279 3729 soperbia
1294 3667 1321 3715 ef
1331 3659 1435 3715 invidia
1459 3668 1535 3729 nata,
1548 3676 1622 3716 nunc
1649 3660 1811 3717 intrinsecus
1831 3675 1905 3714 exar-

279 3760 422 3816 distinctio
446 3760 518 3817 inter
531 3761 665 3833 iudicium
684 3770 711 3817 er
731 3760 866 3831 justinam
888 3761 916 3816 tn
937 3776 971 3816 eo
998 3760 1072 3833 qnod
1122 3752 1248 3818 terrens,
1279 3766 1353 3807 nune
1381 3752 1408 3807 ln
1433 3766 1527 3807 vocem
1559 3751 1696 3809 laetumve
1724 3766 1903 3823 prorumpens,

278 3848 370 3905 differt
380 3850 517 3921 justitiae
537 3851 652 3923 judicio.
676 3850 751 3907 Solet
770 3852 842 3907 enim
856 3851 989 3923 iudicium
1009 3868 1073 3925 pra-
1122 3844 1291 3899 ooooofioot
1306 3842 1455 3898 iovoforott
1477 3857 1506 3899 oo
1528 3844 1556 3898 lo
1582 3844 1675 3899 odium
1699 3852 1808 3899 vorfooo
1834 3856 1906 3898 omne

278 3954 357 4007 vum,
370 3940 443 4012 quod
459 3942 590 4013 injuntum
604 3952 645 4000 est
659 3958 801 4009 exercere;
814 3943 920 4014 justitia
938 3960 1002 4000 nero
1017 3945 1072 4001 fni·
1120 3936 1429 4009 indicinmetrationem
1440 3934 1904 4008 mentisperturbatatqneperrertit

279 4046 334 4102 qua
349 4041 375 4089 et
387 4033 489 4103 iniusta
504 4050 565 4091 csse
583 4050 636 4090 non
650 4042 747 4105 potest.
764 4032 793 4088 ln
813 4034 929 4090 consilio
948 4050 1001 4090 non
1015 4034 1071 4104 jarn
1122 4028 1259 4085 interalia
1274 4030 1344 4086 mala
1359 4030 1567 4102 inpatientiam,
1580 4031 1728 4095 clamores,
1749 4030 1833 4096 rixas,
1847 4042 1906 4083 cou-

277 4138 343 4180 cum
358 4124 419 4196 ipso
432 4142 480 4181 reo
491 4126 590 4198 agitur,
612 4127 659 4183 sed
673 4127 779 4199 indices
798 4126 868 4182 inter
887 4142 916 4183 εε
929 4126 1074 4183 eorrfernnt
1122 4122 1203 4191 sicia,
1230 4123 1430 4188 contentiones,
1448 4122 1661 4193 iodissotlioooos
1674 4120 1830 4185 maledieta,
1844 4133 1907 4187 soto

280 4214 315 4271 de
328 4218 471 4287 supplicio.
491 4217 606 4275 Concilii
621 4233 712 4275 autern
732 4234 832 4275 nornen
848 4227 966 4275 tractum
985 4228 1028 4275 est
1038 4234 1072 4275 cx
1122 4216 1205 4272 etiam
1218 4214 1620 4287 plurimasproximilaesiones,
1633 4213 1748 4284 sanquis
1758 4213 1905 4275 effusiones,

280 4322 358 4365 more
372 4306 569 4365 Romanorum.
587 4308 722 4381 Tempore
739 4310 811 4367 enim
827 4326 882 4383 qno
898 4327 988 4369 causae
1007 4327 1072 4384 age·
1122 4316 1151 4364 et
1163 4306 1309 4363 homicidia
1322 4308 1404 4378 parit.
1418 4308 1520 4364 Contra
1535 4307 1607 4363 hanc
1633 4306 1815 4378 quoqnelpsa
1827 4301 1907 4359 ciari-

278 4398 390 4468 iiantur,
405 4402 708 4459 conveniebantnmnes
721 4403 747 4459 in
760 4418 856 4471 unum,
873 4404 1072 4475 communique
1111 4408 1167 4481 ‘tas
1178 4409 1207 4455 et
1223 4400 1365 4457 humilitas
1379 4408 1461 4471 atque
1472 4399 1605 4473 patientia
1619 4414 1674 4453 non
1698 4398 1788 4454 solum
1814 4394 1908 4451 anticos

279 4491 431 4548 intentione
442 4493 605 4550 tractabant.
619 4492 695 4551 Unde
708 4503 735 4550 et
746 4496 892 4551 concilium
904 4511 919 4551 a
932 4496 1072 4552 communi
1087 4489 1110 4545 U
1124 4499 1152 4547 et
1163 4491 1234 4547 bona
1250 4490 1330 4547 notris
1342 4489 1484 4557 facientes,
1501 4506 1549 4547 seu
1573 4489 1643 4543 nilril
1655 4488 1722 4544 mali
1748 4486 1907 4542 inferentes:

281 4582 434 4639 intentione
453 4584 555 4640 dictum
571 4586 650 4655 quasi
668 4588 823 4642 consilinm.
838 4584 905 4643 Nam
930 4587 991 4643 eilia
1005 4604 1072 4644 ocu·
1122 4582 1300 4638 verumetiam
1322 4591 1513 4652 persecutores
1526 4589 1555 4637 et
1569 4582 1644 4653 ipsos
1666 4580 1796 4636 inimicos
1810 4585 1909 4635 nostros

279 4674 370 4732 lorum
394 4686 468 4733 sunt.
482 4674 560 4733 Unde
585 4686 612 4732 et
637 4678 800 4748 considium,
823 4678 979 4744 eonsilium,
1002 4680 1021 4734 d
1042 4681 1070 4737 in
1121 4674 1208 4745 diligi,
1223 4683 1251 4729 ει
1267 4688 1317 4745 pro
1335 4675 1376 4730 eis
1399 4674 1530 4747 benignas
1544 4687 1639 4743 preces
1660 4672 1772 4737 edundi,
1791 4672 1910 4738 imusque

279 4768 392 4825 litteral
402 4777 569 4826 transeunte.
586 4768 614 4825 ln
630 4770 753 4841 gelrenna
767 4778 840 4826 certa
856 4778 898 4825 est
914 4770 1065 4828 damnatio.
1123 4769 1162 4824 ειε
1189 4782 1240 4838 pro
1260 4768 1340 4823 malis
1352 4768 1462 4838 rependi
1473 4775 1628 4837 poscentes,
1653 4765 1743 4835 ipsum
1768 4762 1910 4819 Dominum

280 4856 478 4931 Exprimuntnr
488 4861 579 4931 itaque
589 4875 639 4931 pro
651 4861 732 4916 modo
748 4860 851 4930 pcccati
867 4860 982 4917 diversae
994 4876 1071 4915 man·
1123 4858 1182 4914 fraee
1196 4857 1408 4929 precipientem,
1422 4867 1452 4913 et
1466 4858 1525 4914 hec
1542 4856 1660 4912 inimicis
1688 4852 1849 4917 facientem,
1866 4848 1912 4905 sili

280 4948 374 5006 siones
389 4950 416 5005 in
434 4960 535 5007 aterna
555 4952 740 5007 damnatione.
755 4950 824 5007 Nota
839 4952 965 5022 quamuis
990 4952 1072 5009 irasci
1123 4958 1289 5020 proponunt.
1306 4950 1339 5006 Et
1350 4965 1405 5005 non
1419 4950 1509 5005 solum
1531 4949 1585 5005 froc
1599 4965 1616 5003 a
1628 4948 1708 5004 nobis
1720 4946 1776 5001 teri
1793 4953 1913 5017 oportere

281 5040 358 5097 fratri
371 5042 462 5099 minus
473 5043 519 5109 ειι,
530 5059 611 5114 qnam
621 5044 779 5110 conviciari,
793 5043 943 5114 saepissime
952 5054 1043 5100 tamen
1057 5060 1072 5099 a
1123 5041 1331 5109 demonstrarit,
1348 5041 1487 5097 sedetiam
1501 5041 1572 5096 maia
1583 5056 1644 5111 quae
1659 5038 1779 5110 patimur
1795 5052 1848 5108 pro
1859 5050 1915 5105 pcc·

281 5132 339 5187 fleo
353 5135 511 5191 accenditur
523 5136 573 5202 ira,
586 5144 649 5192 utet
662 5150 762 5192 nomen
774 5144 801 5191 et
815 5142 920 5191 reatum
932 5135 1073 5192 homicidii
1122 5134 1192 5189 eatis
1203 5142 1231 5189 ει
1245 5134 1350 5189 meritis
1362 5134 1466 5189 nostris
1480 5134 1587 5188 minora
1598 5132 1767 5189 estimantes
1791 5144 1846 5200 pro
1856 5141 1915 5196 pur·

281 5222 422 5292 suscipiat.
435 5221 512 5279 Unde
523 5222 642 5281 loannes
653 5226 691 5281 ait
701 5244 723 5281 :r
732 5226 784 5292 Qui
796 5227 854 5283 odit
868 5225 979 5281 fratrem
991 5242 1073 5283 suum
1124 5228 1242 5297 palione,
1255 5242 1302 5282 sen
1319 5227 1482 5296 probatione
1496 5232 1590 5281 nostra
1614 5224 1648 5279 ad
1660 5220 1801 5278 toleranda
1831 5218 1916 5273 adhuc

282 5314 418 5371 homicida
430 5326 472 5373 est
485 5316 512 5388 (f
526 5317 608 5372 loon.
624 5320 676 5389 nr).
692 5338 701 5369 r
718 5316 792 5373 fleca
811 5318 963 5390 interjectio
977 5327 1020 5374 est
1032 5319 1075 5374 in·
1124 5318 1353 5389 majoradarnua,
1369 5317 1510 5372 molestias
1527 5324 1555 5372 et
1585 5314 1713 5385 injurias,
1739 5322 1869 5384 paratum
1892 5316 1917 5362 et

282 5404 419 5475 dignantis
430 5408 514 5463 animi
527 5417 629 5464 motum
648 5408 816 5480 significans.
830 5408 883 5466 Sed
896 5410 969 5481 quod
984 5410 1072 5465 inter·
1124 5419 1279 5483 promptum
1292 5410 1414 5465 animum
1428 5409 1567 5477 adlribere,
1585 5417 1613 5464 et
1626 5423 1658 5463 ea
1673 5416 1767 5462 nostra
1777 5407 1917 5462 uoluntate

281 5496 415 5566 jectiones
431 5500 457 5553 in
478 5500 559 5555 aliam
577 5514 631 5554 non
654 5498 733 5555 facile
753 5498 965 5565 transferuntur,
985 5501 1075 5571 coegit
1125 5500 1229 5571 aliquid
1241 5501 1322 5556 etiam
1335 5500 1399 5554 bosri
1418 5498 1643 5569 persequentibus
1660 5513 1744 5568 snper
1762 5497 1918 5567 impendere

282 5594 340 5643 tam
355 5589 478 5645 Graeeum
490 5606 573 5660 quam
585 5590 713 5646 Latinum
730 5592 904 5661 interpretem
920 5594 1007 5663 ipsam
1023 5608 1074 5663 po·
1125 5602 1286 5663 exposcunt,
1293 5590 1455 5647 Uominosie
1462 5590 1649 5662 praecipiente:
1664 5588 1919 5660 ‹Quitepercusse

283 5692 453 5736 nererocem
472 5680 644 5738 ifelrraicam.
662 5681 765 5739 Nomen
784 5683 913 5755 gehenne
925 5685 952 5739 in
972 5685 1074 5741 reteri·
1125 5685 1162 5740 rit
1172 5684 1199 5740 in
1208 5685 1332 5740 dextram
1346 5682 1495 5748 maxillam,
1506 5682 1629 5752 prabeei
1642 5689 1670 5737 ει
1680 5682 1797 5737 aiteram
1808 5678 1918 5753 (ffntn.

284 5768 362 5851 ribus
375 5770 450 5827 libris
466 5787 520 5827 non
534 5771 688 5847 inventur,
701 5774 747 5831 sed
765 5774 884 5846 primurn
902 5792 916 5831 u
934 5776 1075 5833 Sufrators
1126 5780 1164 5849 r).
1176 5798 1184 5831 r
1197 5778 1230 5834 Et
1241 5780 1353 5835 iterum:
1367 5775 1440 5844 «Qui
1453 5776 1500 5833 ιιιι
1512 5774 1653 5831 abstrderit
1665 5775 1802 5839 tunicam,
1811 5771 1924 5829 metri
1973 5849 1974 5860 ἵ
