4017 6342
267 324 337 382 1039
834 322 998 380 nentem
1016 322 1163 384 illimis
1183 326 1213 385 M.
1235 325 1347 384 crasa
1816 336 1887 395 'idid

264 443 334 503 dieis
346 440 425 499 iratri
438 452 485 499 tuo
498 458 505 496 :
517 470 552 483 -
571 441 637 497 Siue
654 438 763 510 ejiciam
784 436 918 495 lecturam
929 440 964 497 de
975 442 1058 498 oculo
1074 450 1098 509 A
1114 460 1189 503 nunc
1201 453 1354 517 postrema3
1365 451 1403 512 et,
1419 442 1494 517 qnod
1515 445 1606 519 tnagis
1618 458 1665 503 nte
1684 454 1788 518 gravat,
1803 448 1835 505 ad
1846 468 1886 509 uu

264 544 393 604 tum-et
405 533 566 591 eccetrabes
579 532 606 588 in
620 532 701 588 oculo
715 530 781 587 tuo?
794 549 804 584 ι
822 529 851 587 Si
867 532 929 603 quis
941 531 982 587 im
991 548 1058 605 pec·
1112 535 1240 591 mitatum
1253 544 1331 590 tuum
1345 550 1402 591 non
1416 544 1512 592 uocata
1526 537 1648 593 accedo?
1659 535 1817 595 Eeontrario
1826 545 1885 599 resi·
1966 523 1967 538 ¹

264 634 319 693 cat,
332 634 361 680 tu
374 638 427 679 nen
448 623 531 679 debes
546 622 609 678 odio
632 622 840 701 reprehendere.
855 620 1057 680 Tantumcuim
1109 633 1153 683 tas
1177 627 1327 697 respondit,
1351 626 1380 682 in
1401 627 1454 683 bac
1477 628 1520 683 uia
1544 628 1827 687 immisericordiam
1846 650 1886 691 oo-
1966 615 1967 672 ἶ

263 716 346 773 distat
361 716 432 769 inter
446 712 515 768 iram
530 712 672 781 etodium,
684 722 819 783 quantum
835 714 906 771 inter
921 713 1056 773 festucam
1108 718 1203 773 mitem
1222 732 1348 775 necesse
1373 733 1465 789 posse,
1483 734 1535 775 nec
1558 720 1670 787 debere,
1687 720 1886 791 ideoquiacon
1966 759 1967 766 ι

262 817 290 863 ιι
300 807 414 863 trabem.
427 803 525 860 Odium
537 804 610 861 enim
623 813 667 860 est
678 804 719 859 ira
734 804 892 861 inueterata.
1108 812 1201 868 silium
1216 810 1348 867 uoluntati
1369 810 1431 881 cius
1443 812 1615 867 contrarium
1639 813 1676 867 sit
1696 813 1853 885 ordinatum,
1863 828 1886 874 et

298 894 485 965 «hypocrita,
501 894 571 964 ejice
591 894 710 964 primurn
726 896 832 953 trabem
852 896 979 953 deneulo
996 906 1055 967 tuo,
1109 902 1213 959 idcirco
1225 904 1253 959 in
1269 903 1331 974 ejus
1345 918 1428 973 opere
1440 918 1564 974 praesens
1577 905 1782 976 ipsaessenon
1793 910 1883 979 possit:
1966 949 1967 972 ,

260 997 289 1045 ct
308 997 375 1043 tunc
396 984 502 1041 ridebis
523 984 623 1057 ejicere
638 985 773 1043 festucam
800 988 834 1045 de
857 989 939 1045 oculo
962 989 1057 1049 hahis
1108 1002 1167 1049 tum
1188 995 1270 1051 etiam
1294 995 1360 1067 quia
1383 1011 1447 1052 cum
1471 997 1532 1067 ipsu
1549 1011 1661 1068 egressa
1685 1012 1742 1053 non
1767 1000 1810 1055 sit.
1824 1000 1884 1057 llicit

259 1082 312 1152 tui,
327 1100 336 1133 r
350 1078 377 1136 id
391 1088 433 1136 est
444 1078 533 1151 primo
547 1079 596 1135 ahs
616 1089 652 1147 te,
668 1079 773 1137 scilicet
784 1082 820 1137 ab
836 1082 988 1141 intentione
1008 1094 1056 1141 tua
1106 1086 1189 1141 etiam
1204 1086 1263 1157 ipsa
1281 1086 1499 1143 misericerdiam
1515 1087 1604 1159 magis
1622 1096 1752 1158 oportere
1765 1090 1883 1147 rationem
1966 1109 1967 1150 3

260 1176 331 1234 etde
343 1175 427 1233 corde
440 1183 489 1230 tuo
504 1172 608 1244 expelle
623 1172 728 1238 odium,
743 1182 783 1243 ut,
796 1175 830 1230 de
841 1176 943 1233 lumine
955 1178 1056 1235 mentis
1108 1178 1222 1236 reddere
1239 1194 1324 1250 quare
1339 1179 1399 1249 ipsa
1417 1178 1566 1251 egredienti
1584 1178 1703 1236 Domino
1714 1196 1769 1237 nou
1782 1181 1881 1252 mama,

260 1269 337 1325 trabe
348 1266 471 1324 mortalis
482 1263 606 1322 criminis
620 1264 717 1335 ejecta,
728 1267 853 1338 exemplo
868 1266 1055 1339 potiusquam
1106 1279 1135 1326 et
1146 1271 1269 1327 absentia
1279 1272 1340 1341 ejus
1352 1272 1439 1344 magis
1451 1271 1586 1345 esseisic)
1596 1271 1692 1328 lesum
1703 1268 1881 1343 hominunm

260 1363 341 1419 dict-is
352 1362 450 1418 docere
463 1359 554 1415 valeas
565 1358 671 1414 nrinora
687 1359 794 1415 excludi
815 1370 1010 1432 peccataque
1025 1363 1054 1418 in
1106 1369 1212 1417 tantum
1223 1370 1254 1417 ut
1265 1363 1427 1419 nrrocomite
1440 1362 1617 1433 itcrcarpcre
1628 1365 1787 1433 compulsas
1796 1366 1837 1421 sit
1846 1367 1880 1425 dd

259 1454 366 1510 festuca
393 1450 592 1523 signiticaniur.
618 1448 688 1505 Cum
723 1451 873 1506 necessitas
908 1469 958 1509 nos
983 1453 1056 1525 cogit
1106 1453 1165 1510 hace
1184 1453 1372 1511 miscricordia
1394 1452 1646 1524 responditsencc
1664 1456 1880 1515 malaintentiooe

261 1544 382 1614 aliquem
395 1541 604 1612 reprehendere,
621 1543 711 1613 primo
733 1544 884 1614 cogitemus
894 1552 985 1600 utrum
1001 1546 1055 1602 tale
1104 1560 1256 1617 egressam,
1272 1561 1324 1602 nec
1337 1545 1411 1600 malo
1422 1560 1505 1617 opere
1519 1554 1693 1616 occupatam,
1705 1546 1754 1603 sed
1771 1549 1880 1619 mugisse

260 1635 357 1689 vitiam
372 1646 494 1703 unquam
519 1632 675 1703 habuinms,
697 1643 724 1691 ct
742 1635 766 1691 si
787 1650 927 1705 nunquam
954 1637 1054 1693 hahm-
1105 1637 1204 1695 honori
1219 1646 1247 1692 et
1273 1636 1384 1693 utilitati
1400 1636 1510 1693 Domini
1533 1638 1576 1693 sui
1590 1638 1747 1706 consulere,
1762 1654 1818 1709 quae
1833 1656 1877 1695 ιιι

261 1742 334 1793 snus,
361 1724 512 1798 cogitemus
537 1742 589 1783 nos
620 1725 721 1782 hahere
753 1727 885 1796 potuisse.
922 1726 1054 1787 llomines
1105 1728 1219 1801 perdere
1232 1729 1341 1786 studeat
1356 1730 1551 1798 etdestruerc,
1566 1730 1640 1787 sicut
1655 1733 1715 1802 ipsa
1731 1731 1879 1797 venissel

259 1819 333 1874 enirn
347 1832 454 1875 sumus.
464 1817 533 1875 ilinc
546 1828 588 1875 cst
597 1818 663 1873 illud
675 1818 821 1889 sapientis:
836 1817 927 1875 aNihil
941 1820 1054 1877 humani
1071 1802 1212 1878 Bsalvare
1223 1840 1230 1877 :
1243 1821 1319 1877 iilam
1339 1830 1431 1877 autem
1446 1836 1509 1877 esse
1521 1820 1671 1877 notandam
1685 1822 1761 1892 prius
1773 1830 1800 1878 et
1813 1840 1879 1878 amu·

260 1910 379 1965 atienom
412 1926 492 1967 amc
509 1918 612 1981 putor
636 1909 664 1964 Si
693 1924 759 1965 uero
780 1910 937 1979 habuimus,
962 1920 1056 1983 tangat
1106 1914 1231 1980 modom,
1257 1928 1320 1985 quac
1348 1912 1466 1968 tanatos
1487 1922 1515 1967 et
1538 1911 1682 1968 ministros
1706 1912 1810 1967 bomini
1828 1914 1879 1968 relit

259 2001 423 2060 memorerm
436 1999 758 2070 cammunisiutirmitas,
774 2002 1054 2072 uttcprcbcnsioucm
1108 2005 1240 2074 interimi,
1262 2014 1292 2061 ut
1314 2020 1378 2062 cum
1398 2019 1494 2061 omnes
1514 2004 1644 2070 abierint,
1660 2004 1765 2059 nullum
1781 2003 1879 2074 patiatur

258 2098 333 2155 iilam
353 2113 407 2152 nou
422 2097 526 2161 odium,
541 2095 588 2151 scd
608 2094 796 2159 misericordia
815 2094 959 2165 praecedat.
975 2094 1055 2161 Quod
1106 2111 1155 2167 per
1168 2096 1364 2169 indulgentiam
1375 2095 1495 2167 aliquam
1510 2095 1594 2150 levari
1607 2104 1635 2151 et
1645 2097 1779 2152 mroean'.
1794 2094 1879 2152 Veritn

259 2191 283 2249 si
297 2205 348 2245 nos
364 2189 435 2245 idem
451 2187 549 2243 uitium
564 2186 699 2249 habentus
714 2186 742 2241 in
759 2200 832 2256 quo
848 2193 890 2241 est
913 2185 958 2241 illc
971 2200 1054 2255 quem
1104 2198 1196 2243 autem
1212 2187 1353 2259 respondit
1369 2201 1425 2242 ιιι
1440 2201 1501 2243 esse
1516 2185 1619 2242 decens
1632 2187 1737 2242 bonum
1754 2186 1878 2243 ιιιιῑιιιι

259 2281 458 2354 reprehendere
483 2280 619 2346 uolumus,
643 2293 697 2335 non
721 2276 952 2349 reprehendamus
965 2276 1053 2343 illum,
1104 2280 1249 2351 etiustum
1265 2280 1353 2335 malos
1374 2290 1512 2335 sesemet
1526 2278 1644 2348 injustos
1668 2280 1779 2335 babere.
1793 2278 1878 2335 Miseri-

258 2375 306 2435 sed
317 2374 565 2446 courgemiscamus,
575 2380 603 2427 ct
611 2386 666 2438 non
678 2370 754 2425 iilum
766 2370 800 2425 ad
811 2368 1054 2439 obtemperandum
1105 2371 1199 2428 cordia
1224 2371 1294 2429 dixit
1312 2378 1419 2427 tantum
1438 2370 1583 2427 hominum
1601 2372 1663 2427 sine
1686 2370 1815 2428 ministris
1830 2384 1878 2427 csse

156 2514 157 2519 ,
259 2466 350 2535 rrobis,
376 2465 423 2523 scd
441 2465 475 2522 ad
500 2464 603 2537 pariter
628 2462 780 2521 amandum
805 2461 962 2517 inuitemus.
977 2458 1055 2515 Multi
1105 2478 1160 2520 non
1183 2463 1292 2521 debere.
1318 2462 1427 2521 Veritas
1459 2463 1604 2519 affirmarit
1629 2478 1749 2533 nequam
1774 2464 1877 2519 homines

257 2573 324 2615 uero
335 2555 498 2613 criminibus
507 2554 636 2628 praesenti
645 2554 709 2609 odio
718 2552 760 2607 ιιι
772 2551 856 2607 ιιιιιι
867 2550 959 2605 omnia
971 2565 1055 2606 acen·
1104 2554 1204 2611 merito
1215 2555 1314 2611 debere
1327 2554 1463 2611 damnari.
1482 2554 1671 2611 Misericordia
1685 2556 1822 2626 respondit
1829 2570 1876 2623 ιιι,

258 2662 320 2705 sare
339 2646 503 2717 suscipiunt,
529 2653 556 2701 ct
576 2643 669 2699 uolunt
684 2642 770 2697 rideri
792 2641 973 2709 consultores,
994 2640 1055 2697 sinc
1104 2645 1212 2701 utboni
1234 2646 1339 2712 herent,
1359 2656 1509 2715 spontanea
1523 2646 1606 2701 ιιιιιι
1626 2645 1728 2716 pictate
1745 2646 1878 2701 debuere

257 2739 382 2810 exemplo
395 2754 451 2793 succ
465 2736 663 2794 emendationis
677 2734 778 2790 leuiora
796 2743 905 2806 peccma
921 2735 948 2789 in
961 2733 1054 2790 iratri-
1105 2735 1209 2793 vocari.
1224 2733 1333 2791 Veritas
1351 2735 1429 2803 dixit,
1445 2736 1511 2807 quia
1527 2736 1600 2792 licus
1613 2736 1696 2793 malis
1707 2737 1813 2793 omnino
1824 2752 1876 2808 par-

257 2831 309 2887 hus
328 2830 549 2900 uituperantcsct
563 2829 734 2883 damnantes.
1104 2841 1165 2883 cere
1189 2842 1243 2881 non
1264 2826 1384 2882 deberet.
1407 2824 1595 2883 Misericordia
1616 2827 1688 2883 dixit
1710 2845 1718 2883 ε
1742 2827 1771 2882 Si
1790 2826 1874 2882 nemini

258 2944 297 3001 Dc
323 2943 495 2999 altercatione
511 2942 701 2997 ntisericurditc
726 2950 751 2996 ct
776 2942 907 3010 ueritatis,
931 2942 992 2997 hirec
1010 2942 1053 2997 ιι·
1104 2928 1228 2990 P³f⁰⁰¹⁰²
1256 2918 1338 2987 ⁰⁰⁰⁸·
1370 2935 1512 2991 ”unquam
1527 2921 1616 2976 ΝΜ
1640 2920 1763 2976 hwa·
1787 2918 1876 2975 veiim

416 3016 447 3069 de
461 3030 489 3069 ac
504 3013 655 3067 accusantis
669 3029 701 3067 cc
714 3012 889 3083 defendentis.
1103 3010 1173 3065 dixit
1188 3026 1219 3066 sc
1242 3011 1315 3066 nolle
1333 3027 1384 3068 nec
1398 3027 1481 3082 posse
1495 3020 1535 3068 ιιι
1547 3013 1652 3069 seelera
1673 3013 1807 3069 hominum
1819 3013 1877 3067 tole·

293 3104 365 3163 Deus
393 3119 503 3161 sursum
527 3112 596 3171 crat,
620 3111 647 3161 ιι
675 3103 758 3158 homo
786 3102 925 3160 deorsum.
944 3100 1086 3199 VeritasG
1103 3117 1175 3158 rare.
1204 3102 1389 3160 Misericordia
1419 3106 1561 3177 respondit
1589 3105 1707 3179 gratiana
1728 3104 1825 3161 beurim
1845 3103 1876 3159 ad

256 3206 316 3253 crat
326 3198 354 3252 iu
364 3196 434 3253 coelc
448 3211 510 3252 curn
519 3195 611 3267 judice
623 3195 690 3263 lieo,
701 3205 728 3251 ct
739 3195 924 3252 misericordia
938 3197 965 3251 in
977 3205 1050 3253 terra
1102 3195 1297 3267 indulgendum
1313 3198 1546 3269 superabundare.
1563 3196 1673 3255 Veritas
1692 3199 1758 3253 dixit
1774 3217 1781 3252 :
1795 3196 1877 3253 Unus·

257 3307 319 3349 cum
349 3291 460 3346 homine
482 3288 641 3360 judicando.
675 3287 727 3345 Ubi
763 3289 836 3344 euim
864 3288 1052 3347 misericordia
1102 3287 1220 3358 quisque
1246 3298 1328 3359 prout
1351 3288 1437 3360 gessit
1467 3289 1635 3360 incorpore
1662 3286 1878 3357 accipiatMise·

257 3393 339 3450 essct,
360 3383 382 3439 si
400 3398 463 3438 curn
486 3380 587 3438 misero
603 3397 658 3437 non
680 3391 752 3438 esset
764 3397 772 3434 a
784 3382 962 3438 descenderat
975 3382 1050 3437 euim
1101 3375 1220 3433 ricordia
1241 3377 1311 3433 dixit
1324 3375 1436 3434 :Omnis
1456 3379 1541 3435 homo
1556 3378 1645 3450 magis
1666 3384 1825 3433 euusenamr
1841 3376 1876 3430 ad

257 3477 327 3531 lortc
342 3476 480 3532 nesciente
494 3476 618 3541 veritate,
628 3474 758 3544 quoniam
774 3473 847 3528 illam
863 3474 897 3529 od
910 3475 1050 3529 bominem
1101 3468 1261 3539 Dominum,
1274 3481 1301 3527 ct
1311 3472 1393 3529 uiuat.

257 3576 399 3632 rcrrturam
425 3566 539 3634 sciebat,
562 3574 590 3622 et
613 3567 646 3621 dc
670 3566 742 3622 illius
758 3566 875 3623 adventu
900 3567 1049 3625 metuebat.
1136 3562 1307 3635 llisergoita
1319 3565 1372 3621 sibi
1385 3564 1570 3631 obviantibus,
1588 3570 1617 3618 et
1629 3562 1665 3619 ad
1677 3560 1879 3618 diversarolon·

257 3656 401 3713 Descendit
423 3672 488 3728 ergo
510 3658 586 3729 prius
609 3658 807 3724 misericordia,
834 3674 879 3727 ne,
904 3658 928 3715 si
950 3658 1050 3717 ueritas
1100 3663 1183 3711 tatem
1193 3656 1239 3713 liei
1254 3657 1386 3713 inclinare
1397 3654 1625 3722 desiderantibus,
1640 3654 1736 3710 uidens
1748 3652 1813 3708 Meus
1826 3661 1879 3706 tam

243 3750 437 3822 -prmrcniret,
463 3765 602 3806 accessam
637 3750 671 3805 ad
696 3751 835 3807 bominem
866 3750 924 3823 ipsa
955 3761 1049 3821 postea
1099 3748 1222 3805 diversas
1243 3750 1393 3805 sententias
1415 3748 1450 3803 ad
1477 3746 1604 3803 elicctum
1628 3745 1712 3801 simui
1735 3758 1788 3801 non
1805 3756 1879 3814 possa

255 3858 311 3899 non
340 3843 485 3898 inveniret.
510 3842 628 3914 hccepto
653 3842 735 3916 igitur
756 3852 878 3915 tempore
907 3852 1049 3916 assumpta
1099 3844 1256 3912 procedere,
1279 3841 1489 3913 ait:Scriptum
1517 3848 1582 3897 est:
1607 3838 1838 3896 «Misericordiam
1854 3844 1880 3893 et

257 3937 369 3992 ueritate
400 3936 540 3995 descendit
573 3936 674 4003 Deus„
701 3944 731 3993 ut
768 3937 902 3993 rationem
934 3945 1050 4007 poneret
1100 3933 1241 3989 veritatem
1259 3934 1348 4006 diligit
1366 3933 1439 3989 heus
1463 3931 1878 4005 (Paulummtatiuasergo
1966 4003 1968 4006 Ι

256 4046 319 4087 ιιιι
335 4029 454 4087 homine.
470 4028 549 4097 Quod
563 4044 626 4088 ιιιι
642 4028 755 4097 ridisset
776 4027 974 4094 misericordia,
992 4043 1047 4083 non
1099 4023 1158 4078 uult
1172 4023 1224 4079 sibi
1240 4040 1349 4095 semper
1362 4032 1462 4094 praesto
1475 4038 1547 4090 esse,
1565 4031 1594 4078 et
1607 4024 1673 4094 quia
1699 4040 1804 4079 rrrrsurn
1816 4021 1879 4078 dici·

255 4122 350 4193 ignara
365 4121 449 4177 diuini
462 4120 580 4188 consilii,
594 4120 714 4191 perrexit
729 4120 757 4173 iu
772 4119 879 4175 chriam
895 4118 943 4186 iili,
962 4116 1049 4175 [icum
1098 4124 1144 4172 tur
1156 4118 1189 4173 de
1206 4116 1282 4172 Deo:
1302 4115 1355 4171 rin
1377 4130 1442 4187 poce
1457 4115 1548 4171 lactus
1561 4124 1604 4171 est
1623 4113 1704 4172 locus
1724 4117 1782 4187 ejus
1796 4116 1877 4185 (Psoi.

255 4212 369 4283 cupiens
388 4213 523 4283 mitigare,
544 4220 571 4267 ιι
594 4211 730 4281 plurmum
759 4210 904 4267 adducere.
926 4209 1048 4267 Cernens
1099 4209 1192 4283 exau),
1207 4228 1217 4262 ι
1232 4224 1287 4265 ιιι
1304 4218 1393 4281 potest
1414 4209 1474 4264 ilias
1488 4208 1630 4265 discordes
1653 4210 1796 4265 sustinere.
1810 4206 1879 4264 Con·

255 4312 346 4359 autem
366 4304 505 4359 ueritatem
528 4302 666 4357 obstinato
690 4301 767 4357 ιιιιιι
791 4300 971 4365 incedentem,
991 4300 1048 4372 pri·
1098 4304 1191 4359 cordia
1205 4312 1297 4359 autem
1314 4316 1376 4359 csse
1392 4317 1447 4357 non
1458 4308 1557 4372 potest,
1573 4300 1621 4355 nbi
1634 4302 1762 4357 uoluntas
1773 4310 1827 4356 tam
1841 4300 1879 4354 di·

255 4410 331 4451 mum
349 4394 469 4451 occurrit
482 4394 522 4449 ilii
543 4407 653 4464 rogans,
678 4398 708 4447 nt
723 4391 837 4462 gradum
857 4392 976 4457 sisteret,
994 4405 1047 4447 nec
1097 4408 1176 4449 versa
1201 4400 1252 4448 est.
1271 4391 1376 4447 Veritas
1400 4392 1474 4447 enim
1495 4391 1554 4447 nult
1573 4398 1605 4446 ut
1621 4392 1878 4462 monumentorum

255 4488 338 4545 nimis
360 4494 528 4558 properaret,
552 4483 639 4539 donec
661 4482 720 4555 ipsa
748 4481 870 4538 iunderct
894 4483 1046 4538 orationem
1062 4483 1284 4545 omisericordia
1300 4498 1375 4551 ιιιι,
1384 4492 1414 4539 ιι
1429 4491 1515 4539 totum
1529 4482 1701 4539 condonetur
1712 4502 1720 4539 ε
1730 4498 1791 4554 que
1803 4481 1879 4537 simol
1966 4525 1968 4532 .

255 4596 333 4637 suam
349 4574 683 4645 adhorninum.lbierg0
697 4574 884 4630 misericordia
902 4582 930 4629 ιι
944 4573 1045 4631 veritas
1096 4576 1155 4631 lieri
1169 4591 1223 4631 non
1246 4584 1371 4647 possunt.
1398 4574 1543 4646 Propterea
1567 4590 1618 4632 nec
1639 4590 1702 4648 ego,
1716 4577 1762 4647 qui
1780 4583 1880 4630 anaatm
1966 4583 1968 4598 ¹

254 4668 503 4728 ebriaveruntsibi.
517 4667 595 4723 Tunc
609 4665 934 4723 misericordiaclcmcnti
948 4680 1046 4722 causa·
1095 4668 1171 4740 pacis
1185 4683 1258 4735 sum,
1271 4668 1419 4738 compellar
1436 4668 1594 4723 societatem
1616 4678 1737 4723 vestram
1750 4668 1881 4737 relinque·
1966 4645 1968 4706 5

255 4764 328 4818 tione
366 4760 505 4832 querelam
538 4773 632 4815 eoram
673 4756 730 4813 lieu
766 4756 910 4828 deposuit,
951 4755 1046 4813 diceus
1095 4776 1136 4826 re,
1152 4775 1264 4816 nomsse
1276 4768 1319 4815 est
1333 4768 1364 4814 ut
1374 4773 1424 4815 ros
1438 4759 1570 4815 studeatis
1579 4757 1710 4829 utrinque
1721 4769 1828 4815 vestras
1838 4773 1882 4813 ιι-

253 4866 325 4923 aegre
336 4868 365 4907 se
377 4850 448 4907 ierne
462 4850 535 4923 quod
554 4850 588 4907 ad
603 4850 655 4905 hoc
669 4849 807 4922 negotium
823 4849 898 4903 socia
913 4847 1045 4903 advocata
1095 4852 1214 4908 luntates
1242 4852 1276 4907 ad
1302 4866 1388 4907 unum
1415 4865 1580 4907 consensum
1604 4851 1748 4908 inclinare.
1775 4850 1819 4904 tta
1835 4850 1883 4903 boc

253 4958 310 5000 non
336 4943 434 5010 inerit,
461 4944 613 5015 praesertim
647 4958 710 5000 cum
730 4955 871 5013 nunquam
896 4940 967 4997 Deus
986 4941 1045 4997 sine
1093 4944 1195 5000 ueritas
1216 4943 1358 5013 respondit
1381 4958 1412 4998 se
1436 4941 1529 4998 minus
1544 4941 1720 5009 laudabilem,
1740 4940 1763 4997 si
1780 4938 1883 5010 aliquid

254 5033 482 5105 utraquecomite
505 5034 558 5091 hac
572 5034 624 5091 iter
646 5032 757 5105 aliquod
780 5033 869 5088 lacere
891 5033 1042 5088 consuerit.
1093 5033 1211 5090 inultum
1234 5034 1414 5104 relinquatur.
1439 5030 1625 5087 Misericordia
1640 5032 1716 5087 ⁴dixit
1737 5045 1768 5086 sc
1794 5032 1885 5084 minus

252 5124 323 5187 Cum
345 5125 419 5181 cuim
443 5125 575 5197 scriptum
597 5126 677 5183 sitae
697 5123 840 5181 Universae
860 5123 911 5181 uiae
934 5123 1044 5181 Dorrrirri
1093 5124 1249 5192 amabilem,
1263 5124 1288 5179 si
1308 5137 1363 5177 non
1383 5131 1470 5177 totum
1493 5121 1613 5192 gratuita
1628 5122 1730 5191 pietate
1749 5120 1883 5175 soluatur.

253 5219 441 5277 misericordia
454 5230 480 5275 et
492 5220 593 5275 ueritas
603 5218 1043 5292 (Psoi.inarrhrquomodorcri·
1092 5217 1170 5275 'luam
1183 5216 1267 5286 heus,
1290 5217 1314 5273 si
1331 5216 1431 5273 vellent
1447 5214 1545 5282 ambe,
1561 5216 1741 5287 interrogarit
1753 5230 1828 5271 suas
1840 5228 1887 5268 ιι-

252 5321 306 5373 tate
322 5310 380 5368 ania
406 5320 561 5381 enatemus,
584 5307 956 5380 miscricordiamjiominus
971 5308 1044 5366 licus
1092 5311 1210 5367 lunates
1223 5309 1324 5381 inejus
1341 5308 1456 5365 arbitrio
1474 5322 1586 5379 ponere,
1600 5316 1628 5363 et
1650 5308 1725 5380 quod
1744 5309 1808 5379 ipse
1826 5306 1887 5362 inde

244 5420 308 5481 ιρι
322 5405 440 5475 ιιιιιιι,
452 5405 657 5477 pracipnccum
668 5416 724 5459 ιιι
735 5401 979 5471 solumaequalem,
995 5401 1043 5458 sed
1091 5401 1259 5457 discerneret
1293 5400 1353 5457 sine
1385 5396 1600 5454 contradictione
1636 5412 1770 5456 annuere.
1808 5396 1888 5465 Quod

252 5496 371 5567 priorem
381 5492 775 5554 misericordiamesscdcbcrc
787 5489 926 5563 Scriptura
941 5492 1044 5563 ubique
1092 5500 1207 5562 utraque
1228 5492 1391 5563 inquantum
1413 5486 1473 5545 lieri
1496 5488 1594 5558 possit,
1617 5488 1679 5543 sine
1699 5488 1888 5544 diminucione

252 5591 467 5647 commemorati
480 5588 574 5661 Neque
588 5586 661 5643 enim
677 5583 1003 5657 scriptumest2l¹critas
1015 5592 1044 5640 et
1091 5584 1212 5641 nominis
1234 5592 1263 5641 et
1285 5583 1424 5655 dignitatis
1445 5579 1785 5649 suaeeoncedente,di1it
1816 5580 1888 5635 lices

252 5681 451 5749 misericordia,
470 5680 519 5737 sed
532 5679 721 5736 misericordia
742 5689 770 5734 ct
783 5678 894 5747 ιιιιιιι,
907 5676 1042 5733 universae
1091 5678 1263 5752 eqoumsihi
1277 5677 1362 5735 sideri
1379 5684 1410 5731 ιι
1424 5682 1563 5747 peccatum
1579 5673 1702 5729 bominis
1715 5682 1744 5729 ct
1758 5686 1799 5728 ex
1812 5684 1889 5744 parte
1959 5679 1963 5688 ·

252 5772 303 5833 riae
327 5770 445 5829 ιιιιιιιι.
460 5769 553 5838 Quare
578 5784 643 5841 ergo
667 5784 728 5843 quac
742 5770 831 5841 prima
852 5784 913 5825 esse
933 5768 1039 5836 debuit,
1091 5780 1200 5846 propter
1213 5772 1355 5827 veritatem
1369 5769 1509 5841 puniatur,
1522 5775 1550 5822 ιι
1563 5774 1687 5838 exparte
1700 5774 1821 5837 propter
1837 5765 1888 5821 uai-
