<?xml version="1.0" encoding="UTF-8"?>
<!DOCTYPE html PUBLIC "-//W3C//DTD XHTML 1.0 Transitional//EN"
    "http://www.w3.org/TR/xhtml1/DTD/xhtml1-transitional.dtd">
<html xmlns="http://www.w3.org/1999/xhtml" xml:lang="en" lang="en">
 <head>
  <title>
</title>
<meta http-equiv="Content-Type" content="text/html;charset=utf-8" />
  <meta name='ocr-system' content='tesseract 3.04.00' />
  <meta name='ocr-capabilities' content='ocr_page ocr_carea ocr_par ocr_line ocrx_word'/>
</head>
<body>
  <div class='ocr_page' id='page_1' title='image "./patrologiaecurs137migngoog/patrologiaecurs137migngoog_0456.png"; bbox 0 0 4017 6342; ppageno 0'>
   <div class='ocr_carea' id='block_1_1' title="bbox 307 326 1966 403">
    <p class='ocr_par' dir='ltr' id='par_1_1' title="bbox 307 326 1966 403">
     <span class='ocr_line' id='line_1_1' title="bbox 307 326 1966 403; baseline -0.001 -23"><span class='ocrx_word' id='word_1_1' title='bbox 307 327 361 380; x_wconf 75' lang='lat' dir='ltr'><strong>aot</strong></span> <span class='ocrx_word' id='word_1_2' title='bbox 860 328 1025 385; x_wconf 75' lang='lat' dir='ltr'><strong>wchttttt</strong></span> <span class='ocrx_word' id='word_1_3' title='bbox 1043 326 1191 385; x_wconf 76' lang='lat' dir='ltr'><strong>abbatis</strong></span> <span class='ocrx_word' id='word_1_4' title='bbox 1211 328 1240 385; x_wconf 77' lang='lat' dir='ltr'><strong>S.</strong></span> <span class='ocrx_word' id='word_1_5' title='bbox 1260 326 1372 386; x_wconf 75' lang='lat' dir='ltr'><strong>tussit</strong></span> <span class='ocrx_word' id='word_1_6' title='bbox 1863 342 1901 403; x_wconf 55' lang='grc' dir='ltr'>Μ</span> <span class='ocrx_word' id='word_1_7' title='bbox 1965 364 1966 379; x_wconf 48' lang='lat' dir='ltr'><strong>r</strong></span> 
     </span>
    </p>
   </div>
   <div class='ocr_carea' id='block_1_2' title="bbox 289 445 1966 3385">
    <p class='ocr_par' dir='ltr' id='par_1_2' title="bbox 299 445 1966 2000">
     <span class='ocr_line' id='line_1_2' title="bbox 307 445 1901 521; baseline 0.001 -11"><span class='ocrx_word' id='word_1_8' title='bbox 307 445 474 502; x_wconf 66' lang='lat' dir='ltr'><strong>dosltlt‘littm</strong></span> <span class='ocrx_word' id='word_1_9' title='bbox 500 452 632 510; x_wconf 79' lang='lat' dir='ltr'><strong>accendit.</strong></span> <span class='ocrx_word' id='word_1_10' title='bbox 656 450 742 506; x_wconf 82' lang='lat' dir='ltr'><strong>Pedes</strong></span> <span class='ocrx_word' id='word_1_11' title='bbox 765 448 880 520; x_wconf 83' lang='lat' dir='ltr'><strong>jumenti</strong></span> <span class='ocrx_word' id='word_1_12' title='bbox 902 458 968 505; x_wconf 91' lang='lat' dir='ltr'><strong>sunt</strong></span> <span class='ocrx_word' id='word_1_13' title='bbox 979 449 1095 504; x_wconf 77' lang='lat' dir='ltr'>extremi</span> <span class='ocrx_word' id='word_1_14' title='bbox 1110 452 1132 508; x_wconf 79' lang='grc' dir='ltr'><strong>Α</strong></span> <span class='ocrx_word' id='word_1_15' title='bbox 1148 445 1234 513; x_wconf 85' lang='lat' dir='ltr'><strong>Quem</strong></span> <span class='ocrx_word' id='word_1_16' title='bbox 1247 458 1310 504; x_wconf 89' lang='lat' dir='ltr'><strong>aute</strong></span> <span class='ocrx_word' id='word_1_17' title='bbox 1327 449 1420 505; x_wconf 87' lang='lat' dir='ltr'><strong>hdclcs</strong></span> <span class='ocrx_word' id='word_1_18' title='bbox 1434 450 1608 508; x_wconf 88' lang='lat' dir='ltr'><strong>crediderunt</strong></span> <span class='ocrx_word' id='word_1_19' title='bbox 1621 462 1777 516; x_wconf 83' lang='lat' dir='ltr'><strong>rentuntm.</strong></span> <span class='ocrx_word' id='word_1_20' title='bbox 1788 452 1849 512; x_wconf 86' lang='lat' dir='ltr'><strong>lrunc</strong></span> <span class='ocrx_word' id='word_1_21' title='bbox 1862 478 1901 521; x_wconf 69' lang='lat' dir='ltr'><strong>nos</strong></span> 
     </span>
     <span class='ocr_line' id='line_1_3' title="bbox 307 541 1966 619; baseline 0.002 -17"><span class='ocrx_word' id='word_1_22' title='bbox 307 565 377 619; x_wconf 89' lang='lat' dir='ltr'><strong>quos</strong></span> <span class='ocrx_word' id='word_1_23' title='bbox 395 547 428 603; x_wconf 87' lang='lat' dir='ltr'><strong>ad</strong></span> <span class='ocrx_word' id='word_1_24' title='bbox 442 548 620 619; x_wconf 85' lang='lat' dir='ltr'><strong>judicandum</strong></span> <span class='ocrx_word' id='word_1_25' title='bbox 633 544 775 600; x_wconf 89' lang='lat' dir='ltr'><strong>constituit</strong></span> <span class='ocrx_word' id='word_1_26' title='bbox 788 543 954 613; x_wconf 73' lang='lat' dir='ltr'><strong>Apostolus,</strong></span> <span class='ocrx_word' id='word_1_27' title='bbox 970 542 1018 613; x_wconf 90' lang='lat' dir='ltr'><strong>qui</strong></span> <span class='ocrx_word' id='word_1_28' title='bbox 1032 550 1058 597; x_wconf 89' lang='lat' dir='ltr'><strong>et</strong></span> <span class='ocrx_word' id='word_1_29' title='bbox 1073 542 1097 597; x_wconf 92' lang='lat' dir='ltr'><strong>si</strong></span> <span class='ocrx_word' id='word_1_30' title='bbox 1149 541 1256 596; x_wconf 87' lang='lat' dir='ltr'><strong>venisse</strong></span> <span class='ocrx_word' id='word_1_31' title='bbox 1276 542 1424 597; x_wconf 90' lang='lat' dir='ltr'><strong>credimus.</strong></span> <span class='ocrx_word' id='word_1_32' title='bbox 1437 544 1464 597; x_wconf 95' lang='lat' dir='ltr'><strong>ln</strong></span> <span class='ocrx_word' id='word_1_33' title='bbox 1483 544 1542 614; x_wconf 85' lang='lat' dir='ltr'><strong>ejus</strong></span> <span class='ocrx_word' id='word_1_34' title='bbox 1553 546 1654 615; x_wconf 87' lang='lat' dir='ltr'><strong>quippe</strong></span> <span class='ocrx_word' id='word_1_35' title='bbox 1674 546 1754 599; x_wconf 87' lang='lat' dir='ltr'><strong>laude</strong></span> <span class='ocrx_word' id='word_1_36' title='bbox 1768 547 1868 607; x_wconf 71' lang='lat' dir='ltr'><strong>eoelestia</strong></span> <span class='ocrx_word' id='word_1_37' title='bbox 1882 567 1903 613; x_wconf 80' lang='lat' dir='ltr'><strong>et</strong></span> <span class='ocrx_word' id='word_1_38' title='bbox 1965 562 1966 583; x_wconf 54' lang='grc' dir='ltr'><strong>ι</strong></span> 
     </span>
     <span class='ocr_line' id='line_1_4' title="bbox 306 634 1966 709; baseline 0.004 -14"><span class='ocrx_word' id='word_1_39' title='bbox 306 653 361 696; x_wconf 91' lang='lat' dir='ltr'><strong>non</strong></span> <span class='ocrx_word' id='word_1_40' title='bbox 376 639 549 696; x_wconf 91' lang='lat' dir='ltr'><strong>sintdorsum</strong></span> <span class='ocrx_word' id='word_1_41' title='bbox 561 634 1098 707; x_wconf 85' lang='lat' dir='ltr'><strong>inquoscditlleus,tameninstruuntur</strong></span> <span class='ocrx_word' id='word_1_42' title='bbox 1149 642 1255 689; x_wconf 88' lang='lat' dir='ltr'><strong>terrena</strong></span> <span class='ocrx_word' id='word_1_43' title='bbox 1272 637 1431 703; x_wconf 85' lang='lat' dir='ltr'><strong>concinunt,</strong></span> <span class='ocrx_word' id='word_1_44' title='bbox 1446 638 1510 707; x_wconf 91' lang='lat' dir='ltr'><strong>quia</strong></span> <span class='ocrx_word' id='word_1_45' title='bbox 1528 653 1583 709; x_wconf 91' lang='lat' dir='ltr'><strong>quo</strong></span> <span class='ocrx_word' id='word_1_46' title='bbox 1597 646 1726 693; x_wconf 79' lang='lat' dir='ltr'><strong>irascente</strong></span> <span class='ocrx_word' id='word_1_47' title='bbox 1742 640 1903 702; x_wconf 75' lang='lat' dir='ltr'><strong>coelestesrin</strong></span> <span class='ocrx_word' id='word_1_48' title='bbox 1965 684 1966 689; x_wconf 25' lang='grc' dir='ltr'>ι</span> 
     </span>
     <span class='ocr_line' id='line_1_5' title="bbox 305 724 1902 802; baseline 0.001 -14"><span class='ocrx_word' id='word_1_49' title='bbox 305 750 368 789; x_wconf 91' lang='lat' dir='ltr'><strong>cum</strong></span> <span class='ocrx_word' id='word_1_50' title='bbox 382 733 514 787; x_wconf 77' lang='lat' dir='ltr'>militibus</span> <span class='ocrx_word' id='word_1_51' title='bbox 529 748 544 787; x_wconf 94' lang='lat' dir='ltr'><strong>a</strong></span> <span class='ocrx_word' id='word_1_52' title='bbox 558 730 672 786; x_wconf 83' lang='lat' dir='ltr'><strong>loanne.</strong></span> <span class='ocrx_word' id='word_1_53' title='bbox 696 728 773 783; x_wconf 86' lang='lat' dir='ltr'><strong>lllulti</strong></span> <span class='ocrx_word' id='word_1_54' title='bbox 785 731 885 800; x_wconf 86' lang='lat' dir='ltr'><strong>qrdppe</strong></span> <span class='ocrx_word' id='word_1_55' title='bbox 897 738 1023 783; x_wconf 89' lang='lat' dir='ltr'><strong>sternunt</strong></span> <span class='ocrx_word' id='word_1_56' title='bbox 1037 744 1098 783; x_wconf 87' lang='lat' dir='ltr'><strong>res·</strong></span> <span class='ocrx_word' id='word_1_57' title='bbox 1148 732 1220 782; x_wconf 89' lang='lat' dir='ltr'><strong>tutes</strong></span> <span class='ocrx_word' id='word_1_58' title='bbox 1234 727 1380 784; x_wconf 86' lang='lat' dir='ltr'><strong>decantant</strong></span> <span class='ocrx_word' id='word_1_59' title='bbox 1394 728 1478 802; x_wconf 72' lang='lat' dir='ltr'><strong>gloria</strong></span> <span class='ocrx_word' id='word_1_60' title='bbox 1500 724 1527 784; x_wconf 80' lang='lat' dir='ltr'><strong>i&#39;u</strong></span> <span class='ocrx_word' id='word_1_61' title='bbox 1552 730 1670 786; x_wconf 82' lang='lat' dir='ltr'><strong>excelsis</strong></span> <span class='ocrx_word' id='word_1_62' title='bbox 1694 729 1764 797; x_wconf 80' lang='lat' dir='ltr'><strong>lieo,</strong></span> <span class='ocrx_word' id='word_1_63' title='bbox 1776 739 1801 785; x_wconf 89' lang='lat' dir='ltr'><strong>et</strong></span> <span class='ocrx_word' id='word_1_64' title='bbox 1815 733 1837 787; x_wconf 94' lang='lat' dir='ltr'><strong>in</strong></span> <span class='ocrx_word' id='word_1_65' title='bbox 1849 747 1902 801; x_wconf 74' lang='lat' dir='ltr'><strong>terra</strong></span> 
     </span>
     <span class='ocr_line' id='line_1_6' title="bbox 304 818 1902 895; baseline -0.003 -14"><span class='ocrx_word' id='word_1_66' title='bbox 304 826 417 882; x_wconf 89' lang='lat' dir='ltr'><strong>timenta</strong></span> <span class='ocrx_word' id='word_1_67' title='bbox 433 824 460 879; x_wconf 92' lang='lat' dir='ltr'><strong>in</strong></span> <span class='ocrx_word' id='word_1_68' title='bbox 476 825 559 891; x_wconf 87' lang='lat' dir='ltr'><strong>viam,</strong></span> <span class='ocrx_word' id='word_1_69' title='bbox 572 824 636 894; x_wconf 88' lang='lat' dir='ltr'><strong>quia</strong></span> <span class='ocrx_word' id='word_1_70' title='bbox 650 825 786 879; x_wconf 74' lang='lat' dir='ltr'><strong>exercitus</strong></span> <span class='ocrx_word' id='word_1_71' title='bbox 812 831 966 893; x_wconf 78' lang='lat' dir='ltr'><strong>martyrum</strong></span> <span class='ocrx_word' id='word_1_72' title='bbox 980 835 1096 890; x_wconf 86' lang='lat' dir='ltr'><strong>corpora</strong></span> <span class='ocrx_word' id='word_1_73' title='bbox 1147 833 1198 887; x_wconf 83' lang='lat' dir='ltr'><strong>pau</strong></span> <span class='ocrx_word' id='word_1_74' title='bbox 1211 818 1381 887; x_wconf 88' lang='lat' dir='ltr'><strong>homiuibus,</strong></span> <span class='ocrx_word' id='word_1_75' title='bbox 1396 821 1491 876; x_wconf 88' lang='lat' dir='ltr'><strong>eodem</strong></span> <span class='ocrx_word' id='word_1_76' title='bbox 1503 822 1597 876; x_wconf 93' lang='lat' dir='ltr'><strong>mundi</strong></span> <span class='ocrx_word' id='word_1_77' title='bbox 1615 822 1740 892; x_wconf 74' lang='lat' dir='ltr'><strong>principe</strong></span> <span class='ocrx_word' id='word_1_78' title='bbox 1754 823 1902 895; x_wconf 68' lang='lat' dir='ltr'><strong>triumphator</strong></span> 
     </span>
     <span class='ocr_line' id='line_1_7' title="bbox 303 910 1966 988; baseline 0 -12"><span class='ocrx_word' id='word_1_79' title='bbox 303 934 355 976; x_wconf 81' lang='lat' dir='ltr'><strong>stra</strong></span> <span class='ocrx_word' id='word_1_80' title='bbox 368 919 534 984; x_wconf 89' lang='lat' dir='ltr'><strong>animarum,</strong></span> <span class='ocrx_word' id='word_1_81' title='bbox 549 919 640 973; x_wconf 89' lang='lat' dir='ltr'><strong>rieum</strong></span> <span class='ocrx_word' id='word_1_82' title='bbox 651 924 807 988; x_wconf 80' lang='lat' dir='ltr'><strong>tegrrrnenta</strong></span> <span class='ocrx_word' id='word_1_83' title='bbox 821 930 871 986; x_wconf 94' lang='lat' dir='ltr'><strong>pro</strong></span> <span class='ocrx_word' id='word_1_84' title='bbox 889 912 1008 968; x_wconf 86' lang='lat' dir='ltr'><strong>Domino</strong></span> <span class='ocrx_word' id='word_1_85' title='bbox 1019 913 1095 977; x_wconf 89' lang='lat' dir='ltr'><strong>dant,</strong></span> <span class='ocrx_word' id='word_1_86' title='bbox 1147 910 1275 965; x_wconf 89' lang='lat' dir='ltr'><strong>mortales</strong></span> <span class='ocrx_word' id='word_1_87' title='bbox 1290 911 1375 965; x_wconf 89' lang='lat' dir='ltr'><strong>vicem</strong></span> <span class='ocrx_word' id='word_1_88' title='bbox 1389 912 1478 967; x_wconf 83' lang='lat' dir='ltr'><strong>laudis</strong></span> <span class='ocrx_word' id='word_1_89' title='bbox 1495 912 1869 981; x_wconf 75' lang='lat' dir='ltr'><strong>rependunt‚dicentes:l³ar</strong></span> <span class='ocrx_word' id='word_1_90' title='bbox 1882 922 1901 976; x_wconf 92' lang='lat' dir='ltr'><strong>in</strong></span> <span class='ocrx_word' id='word_1_91' title='bbox 1965 928 1966 965; x_wconf 63' lang='grc' dir='ltr'><strong>ι</strong></span> 
     </span>
     <span class='ocr_line' id='line_1_8' title="bbox 302 1002 1901 1083; baseline -0.003 -15"><span class='ocrx_word' id='word_1_92' title='bbox 302 1028 359 1083; x_wconf 85' lang='lat' dir='ltr'><strong>quo</strong></span> <span class='ocrx_word' id='word_1_93' title='bbox 371 1012 549 1083; x_wconf 75' lang='lat' dir='ltr'><strong>sequentibus</strong></span> <span class='ocrx_word' id='word_1_94' title='bbox 560 1010 652 1066; x_wconf 86' lang='lat' dir='ltr'><strong>electis</strong></span> <span class='ocrx_word' id='word_1_95' title='bbox 664 1009 760 1065; x_wconf 88' lang='lat' dir='ltr'><strong>callem</strong></span> <span class='ocrx_word' id='word_1_96' title='bbox 774 1007 876 1063; x_wconf 84' lang='lat' dir='ltr'><strong>iaciant</strong></span> <span class='ocrx_word' id='word_1_97' title='bbox 889 1014 962 1062; x_wconf 88' lang='lat' dir='ltr'><strong>recte</strong></span> <span class='ocrx_word' id='word_1_98' title='bbox 975 1004 1094 1061; x_wconf 85' lang='lat' dir='ltr'><strong>rircndi.</strong></span> <span class='ocrx_word' id='word_1_99' title='bbox 1146 1002 1216 1056; x_wconf 88' lang='lat' dir='ltr'><strong>coelo</strong></span> <span class='ocrx_word' id='word_1_100' title='bbox 1237 1010 1264 1056; x_wconf 91' lang='lat' dir='ltr'><strong>et</strong></span> <span class='ocrx_word' id='word_1_101' title='bbox 1285 1002 1372 1073; x_wconf 80' lang='lat' dir='ltr'><strong>gloria</strong></span> <span class='ocrx_word' id='word_1_102' title='bbox 1393 1003 1420 1057; x_wconf 93' lang='lat' dir='ltr'><strong>in</strong></span> <span class='ocrx_word' id='word_1_103' title='bbox 1437 1004 1562 1059; x_wconf 83' lang='lat' dir='ltr'><strong>excelsis.</strong></span> <span class='ocrx_word' id='word_1_104' title='bbox 1579 1002 1679 1059; x_wconf 72' lang='lat' dir='ltr'><strong>Turbae</strong></span> <span class='ocrx_word' id='word_1_105' title='bbox 1694 1002 1793 1073; x_wconf 83' lang='lat' dir='ltr'><strong>quippe</strong></span> <span class='ocrx_word' id='word_1_106' title='bbox 1812 1007 1901 1079; x_wconf 81' lang='lat' dir='ltr'><strong>relecta,</strong></span> 
     </span>
     <span class='ocr_line' id='line_1_9' title="bbox 301 1092 1901 1175; baseline -0.002 -15"><span class='ocrx_word' id='word_1_107' title='bbox 301 1104 332 1160; x_wconf 94' lang='lat' dir='ltr'><strong>ln</strong></span> <span class='ocrx_word' id='word_1_108' title='bbox 348 1106 393 1161; x_wconf 85' lang='lat' dir='ltr'><strong>ria</strong></span> <span class='ocrx_word' id='word_1_109' title='bbox 420 1105 538 1175; x_wconf 85' lang='lat' dir='ltr'><strong>denique</strong></span> <span class='ocrx_word' id='word_1_110' title='bbox 561 1111 689 1160; x_wconf 86' lang='lat' dir='ltr'><strong>sternunt</strong></span> <span class='ocrx_word' id='word_1_111' title='bbox 713 1103 886 1166; x_wconf 80' lang='lat' dir='ltr'><strong>uestimenta,</strong></span> <span class='ocrx_word' id='word_1_112' title='bbox 909 1100 956 1170; x_wconf 89' lang='lat' dir='ltr'><strong>qui</strong></span> <span class='ocrx_word' id='word_1_113' title='bbox 979 1112 1095 1167; x_wconf 91' lang='lat' dir='ltr'><strong>corpora</strong></span> <span class='ocrx_word' id='word_1_114' title='bbox 1145 1092 1179 1147; x_wconf 91' lang='lat' dir='ltr'><strong>de</strong></span> <span class='ocrx_word' id='word_1_115' title='bbox 1190 1094 1312 1164; x_wconf 90' lang='lat' dir='ltr'><strong>quinque</strong></span> <span class='ocrx_word' id='word_1_116' title='bbox 1337 1094 1454 1164; x_wconf 87' lang='lat' dir='ltr'><strong>panibus</strong></span> <span class='ocrx_word' id='word_1_117' title='bbox 1474 1104 1501 1149; x_wconf 89' lang='lat' dir='ltr'><strong>et</strong></span> <span class='ocrx_word' id='word_1_118' title='bbox 1524 1095 1633 1150; x_wconf 88' lang='lat' dir='ltr'><strong>duobus</strong></span> <span class='ocrx_word' id='word_1_119' title='bbox 1647 1093 1770 1165; x_wconf 89' lang='lat' dir='ltr'><strong>piscibus</strong></span> <span class='ocrx_word' id='word_1_120' title='bbox 1790 1097 1901 1157; x_wconf 86' lang='lat' dir='ltr'><strong>roluemnt</strong></span> 
     </span>
     <span class='ocr_line' id='line_1_10' title="bbox 302 1184 1900 1263; baseline -0.003 -10"><span class='ocrx_word' id='word_1_121' title='bbox 302 1212 353 1253; x_wconf 82' lang='lat' dir='ltr'><strong>aua</strong></span> <span class='ocrx_word' id='word_1_122' title='bbox 381 1197 511 1251; x_wconf 81' lang='lat' dir='ltr'><strong>edomant</strong></span> <span class='ocrx_word' id='word_1_123' title='bbox 535 1204 566 1250; x_wconf 89' lang='grc' dir='ltr'><strong>ιιι</strong></span> <span class='ocrx_word' id='word_1_124' title='bbox 591 1193 708 1249; x_wconf 78' lang='lat' dir='ltr'><strong>lietuino</strong></span> <span class='ocrx_word' id='word_1_125' title='bbox 723 1194 776 1248; x_wconf 88' lang='lat' dir='ltr'><strong>iter</strong></span> <span class='ocrx_word' id='word_1_126' title='bbox 794 1192 829 1247; x_wconf 93' lang='lat' dir='ltr'><strong>ad</strong></span> <span class='ocrx_word' id='word_1_127' title='bbox 854 1203 972 1246; x_wconf 86' lang='lat' dir='ltr'><strong>mentem</strong></span> <span class='ocrx_word' id='word_1_128' title='bbox 986 1198 1093 1261; x_wconf 82' lang='lat' dir='ltr'><strong>parcnt,</strong></span> <span class='ocrx_word' id='word_1_129' title='bbox 1145 1199 1241 1255; x_wconf 90' lang='lat' dir='ltr'><strong>rapere</strong></span> <span class='ocrx_word' id='word_1_130' title='bbox 1252 1184 1345 1241; x_wconf 90' lang='lat' dir='ltr'><strong>lesum</strong></span> <span class='ocrx_word' id='word_1_131' title='bbox 1365 1194 1392 1241; x_wconf 87' lang='lat' dir='ltr'><strong>et</strong></span> <span class='ocrx_word' id='word_1_132' title='bbox 1403 1186 1570 1243; x_wconf 90' lang='lat' dir='ltr'><strong>constituere</strong></span> <span class='ocrx_word' id='word_1_133' title='bbox 1584 1203 1686 1259; x_wconf 77' lang='lat' dir='ltr'><strong>regem,</strong></span> <span class='ocrx_word' id='word_1_134' title='bbox 1703 1188 1812 1258; x_wconf 87' lang='lat' dir='ltr'><strong>sedipse</strong></span> <span class='ocrx_word' id='word_1_135' title='bbox 1822 1189 1900 1263; x_wconf 76' lang='lat' dir='ltr'><strong>lugitin</strong></span> 
     </span>
     <span class='ocr_line' id='line_1_11' title="bbox 301 1276 1899 1359; baseline -0.004 -14"><span class='ocrx_word' id='word_1_136' title='bbox 301 1290 345 1345; x_wconf 87' lang='lat' dir='ltr'><strong>rel</strong></span> <span class='ocrx_word' id='word_1_137' title='bbox 359 1288 482 1359; x_wconf 81' lang='lat' dir='ltr'><strong>exempla</strong></span> <span class='ocrx_word' id='word_1_138' title='bbox 508 1288 579 1342; x_wconf 89' lang='lat' dir='ltr'><strong>bona</strong></span> <span class='ocrx_word' id='word_1_139' title='bbox 610 1286 789 1357; x_wconf 85' lang='lat' dir='ltr'><strong>sequentibus</strong></span> <span class='ocrx_word' id='word_1_140' title='bbox 804 1285 953 1355; x_wconf 77' lang='lat' dir='ltr'><strong>praebcant.</strong></span> <span class='ocrx_word' id='word_1_141' title='bbox 971 1281 1095 1336; x_wconf 79' lang='lat' dir='ltr'><strong>l&#39;rondes</strong></span> <span class='ocrx_word' id='word_1_142' title='bbox 1144 1286 1276 1333; x_wconf 90' lang='lat' dir='ltr'><strong>montem.</strong></span> <span class='ocrx_word' id='word_1_143' title='bbox 1299 1276 1377 1333; x_wconf 92' lang='lat' dir='ltr'><strong>Nune</strong></span> <span class='ocrx_word' id='word_1_144' title='bbox 1405 1287 1495 1334; x_wconf 78' lang='lat' dir='ltr'><strong>atatem</strong></span> <span class='ocrx_word' id='word_1_145' title='bbox 1515 1294 1570 1334; x_wconf 91' lang='lat' dir='ltr'><strong>non</strong></span> <span class='ocrx_word' id='word_1_146' title='bbox 1593 1281 1718 1349; x_wconf 78' lang='lat' dir='ltr'><strong>reprimit</strong></span> <span class='ocrx_word' id='word_1_147' title='bbox 1733 1296 1811 1336; x_wconf 84' lang='lat' dir='ltr'><strong>rocus</strong></span> <span class='ocrx_word' id='word_1_148' title='bbox 1829 1298 1899 1341; x_wconf 88' lang='lat' dir='ltr'><strong>corun</strong></span> 
     </span>
     <span class='ocr_line' id='line_1_12' title="bbox 301 1370 1900 1445; baseline 0.001 -10"><span class='ocrx_word' id='word_1_149' title='bbox 301 1394 368 1436; x_wconf 84' lang='lat' dir='ltr'><strong>reru</strong></span> <span class='ocrx_word' id='word_1_150' title='bbox 380 1381 424 1436; x_wconf 86' lang='lat' dir='ltr'><strong>rel</strong></span> <span class='ocrx_word' id='word_1_151' title='bbox 446 1394 540 1435; x_wconf 88' lang='lat' dir='ltr'><strong>ramos</strong></span> <span class='ocrx_word' id='word_1_152' title='bbox 564 1378 598 1434; x_wconf 90' lang='lat' dir='ltr'><strong>de</strong></span> <span class='ocrx_word' id='word_1_153' title='bbox 616 1378 760 1433; x_wconf 86' lang='lat' dir='ltr'><strong>arboribus</strong></span> <span class='ocrx_word' id='word_1_154' title='bbox 776 1376 894 1441; x_wconf 74' lang='lat' dir='ltr'><strong>caedunt,</strong></span> <span class='ocrx_word' id='word_1_155' title='bbox 916 1374 963 1445; x_wconf 90' lang='lat' dir='ltr'><strong>qni</strong></span> <span class='ocrx_word' id='word_1_156' title='bbox 980 1373 1093 1428; x_wconf 81' lang='lat' dir='ltr'><strong>Patrem</strong></span> <span class='ocrx_word' id='word_1_157' title='bbox 1143 1370 1191 1440; x_wconf 89' lang='lat' dir='ltr'><strong>qui</strong></span> <span class='ocrx_word' id='word_1_158' title='bbox 1206 1385 1319 1441; x_wconf 77' lang='lat' dir='ltr'><strong>regnum</strong></span> <span class='ocrx_word' id='word_1_159' title='bbox 1335 1370 1420 1426; x_wconf 80' lang='lat' dir='ltr'><strong>llarid</strong></span> <span class='ocrx_word' id='word_1_160' title='bbox 1446 1372 1656 1427; x_wconf 87' lang='lat' dir='ltr'><strong>restaurandum</strong></span> <span class='ocrx_word' id='word_1_161' title='bbox 1679 1372 1706 1427; x_wconf 91' lang='lat' dir='ltr'><strong>in</strong></span> <span class='ocrx_word' id='word_1_162' title='bbox 1726 1388 1759 1428; x_wconf 92' lang='lat' dir='ltr'><strong>eo</strong></span> <span class='ocrx_word' id='word_1_163' title='bbox 1773 1376 1900 1436; x_wconf 77' lang='lat' dir='ltr'><strong>concinunt</strong></span> 
     </span>
     <span class='ocr_line' id='line_1_13' title="bbox 302 1460 1901 1542; baseline -0.003 -13"><span class='ocrx_word' id='word_1_164' title='bbox 302 1472 452 1529; x_wconf 84' lang='lat' dir='ltr'><strong>sententias</strong></span> <span class='ocrx_word' id='word_1_165' title='bbox 462 1473 505 1528; x_wconf 89' lang='lat' dir='ltr'><strong>rel</strong></span> <span class='ocrx_word' id='word_1_166' title='bbox 517 1472 640 1542; x_wconf 82' lang='lat' dir='ltr'><strong>exempla</strong></span> <span class='ocrx_word' id='word_1_167' title='bbox 651 1479 777 1541; x_wconf 86' lang='lat' dir='ltr'><strong>carpunt,</strong></span> <span class='ocrx_word' id='word_1_168' title='bbox 794 1479 821 1525; x_wconf 91' lang='lat' dir='ltr'><strong>et</strong></span> <span class='ocrx_word' id='word_1_169' title='bbox 833 1470 860 1523; x_wconf 94' lang='lat' dir='ltr'><strong>in</strong></span> <span class='ocrx_word' id='word_1_170' title='bbox 872 1469 916 1522; x_wconf 84' lang='lat' dir='ltr'><strong>ria</strong></span> <span class='ocrx_word' id='word_1_171' title='bbox 933 1466 981 1521; x_wconf 86' lang='lat' dir='ltr'><strong>Dei</strong></span> <span class='ocrx_word' id='word_1_172' title='bbox 995 1467 1028 1521; x_wconf 93' lang='lat' dir='ltr'><strong>ad</strong></span> <span class='ocrx_word' id='word_1_173' title='bbox 1044 1482 1094 1520; x_wconf 90' lang='lat' dir='ltr'><strong>au-</strong></span> <span class='ocrx_word' id='word_1_174' title='bbox 1143 1460 1172 1517; x_wconf 93' lang='lat' dir='ltr'><strong>ln</strong></span> <span class='ocrx_word' id='word_1_175' title='bbox 1190 1478 1244 1533; x_wconf 90' lang='lat' dir='ltr'><strong>quo</strong></span> <span class='ocrx_word' id='word_1_176' title='bbox 1256 1472 1318 1533; x_wconf 85' lang='lat' dir='ltr'><strong>apte</strong></span> <span class='ocrx_word' id='word_1_177' title='bbox 1339 1463 1418 1519; x_wconf 88' lang='lat' dir='ltr'><strong>docet</strong></span> <span class='ocrx_word' id='word_1_178' title='bbox 1445 1466 1518 1535; x_wconf 92' lang='lat' dir='ltr'><strong>quod</strong></span> <span class='ocrx_word' id='word_1_179' title='bbox 1547 1465 1641 1520; x_wconf 87' lang='lat' dir='ltr'><strong>aeterni</strong></span> <span class='ocrx_word' id='word_1_180' title='bbox 1664 1464 1771 1535; x_wconf 89' lang='lat' dir='ltr'><strong>imperii</strong></span> <span class='ocrx_word' id='word_1_181' title='bbox 1794 1482 1833 1523; x_wconf 85' lang='lat' dir='ltr'><strong>rex</strong></span> <span class='ocrx_word' id='word_1_182' title='bbox 1849 1482 1901 1529; x_wconf 86' lang='lat' dir='ltr'><strong>esset</strong></span> 
     </span>
     <span class='ocr_line' id='line_1_14' title="bbox 301 1552 1902 1633; baseline -0.005 -12"><span class='ocrx_word' id='word_1_183' title='bbox 301 1566 400 1622; x_wconf 88' lang='lat' dir='ltr'><strong>diteris</strong></span> <span class='ocrx_word' id='word_1_184' title='bbox 420 1568 542 1621; x_wconf 90' lang='lat' dir='ltr'><strong>animum</strong></span> <span class='ocrx_word' id='word_1_185' title='bbox 557 1566 692 1621; x_wconf 82' lang='lat' dir='ltr'><strong>venientis</strong></span> <span class='ocrx_word' id='word_1_186' title='bbox 706 1564 804 1620; x_wconf 92' lang='lat' dir='ltr'><strong>humili</strong></span> <span class='ocrx_word' id='word_1_187' title='bbox 818 1562 1013 1633; x_wconf 71' lang='lat' dir='ltr'><strong>predicatione</strong></span> <span class='ocrx_word' id='word_1_188' title='bbox 1028 1560 1093 1615; x_wconf 90' lang='lat' dir='ltr'><strong>sub-</strong></span> <span class='ocrx_word' id='word_1_189' title='bbox 1142 1552 1169 1608; x_wconf 82' lang='grc' dir='ltr'><strong>ἰιι</strong></span> <span class='ocrx_word' id='word_1_190' title='bbox 1182 1556 1270 1619; x_wconf 84' lang='lat' dir='ltr'><strong>coelis,</strong></span> <span class='ocrx_word' id='word_1_191' title='bbox 1293 1570 1347 1610; x_wconf 90' lang='lat' dir='ltr'><strong>non</strong></span> <span class='ocrx_word' id='word_1_192' title='bbox 1373 1566 1477 1611; x_wconf 89' lang='lat' dir='ltr'><strong>tantum</strong></span> <span class='ocrx_word' id='word_1_193' title='bbox 1503 1558 1530 1612; x_wconf 88' lang='lat' dir='ltr'><strong>itt</strong></span> <span class='ocrx_word' id='word_1_194' title='bbox 1546 1558 1637 1613; x_wconf 83' lang='lat' dir='ltr'><strong>terris.</strong></span> <span class='ocrx_word' id='word_1_195' title='bbox 1652 1558 1694 1613; x_wconf 82' lang='lat' dir='ltr'><strong>hd</strong></span> <span class='ocrx_word' id='word_1_196' title='bbox 1708 1559 1783 1629; x_wconf 90' lang='lat' dir='ltr'><strong>quod</strong></span> <span class='ocrx_word' id='word_1_197' title='bbox 1800 1576 1840 1631; x_wconf 88' lang='lat' dir='ltr'><strong>per</strong></span> <span class='ocrx_word' id='word_1_198' title='bbox 1855 1579 1902 1619; x_wconf 81' lang='lat' dir='ltr'><strong>con-</strong></span> 
     </span>
     <span class='ocr_line' id='line_1_15' title="bbox 300 1648 1902 1726; baseline 0.001 -15"><span class='ocrx_word' id='word_1_199' title='bbox 300 1656 423 1711; x_wconf 91' lang='lat' dir='ltr'><strong>mittunt.</strong></span> <span class='ocrx_word' id='word_1_200' title='bbox 437 1654 509 1711; x_wconf 84' lang='lat' dir='ltr'><strong>lusti</strong></span> <span class='ocrx_word' id='word_1_201' title='bbox 522 1671 641 1726; x_wconf 82' lang='lat' dir='ltr'><strong>namque</strong></span> <span class='ocrx_word' id='word_1_202' title='bbox 658 1664 689 1710; x_wconf 92' lang='grc' dir='ltr'><strong>ιιι</strong></span> <span class='ocrx_word' id='word_1_203' title='bbox 704 1655 794 1723; x_wconf 86' lang='lat' dir='ltr'><strong>palma</strong></span> <span class='ocrx_word' id='word_1_204' title='bbox 818 1652 965 1715; x_wconf 85' lang='lat' dir='ltr'><strong>florebunt,</strong></span> <span class='ocrx_word' id='word_1_205' title='bbox 982 1650 1091 1721; x_wconf 79' lang='lat' dir='ltr'><strong>augusti</strong></span> <span class='ocrx_word' id='word_1_206' title='bbox 1142 1658 1273 1718; x_wconf 91' lang='lat' dir='ltr'><strong>temptum</strong></span> <span class='ocrx_word' id='word_1_207' title='bbox 1285 1648 1392 1714; x_wconf 83' lang='lat' dir='ltr'><strong>mortis,</strong></span> <span class='ocrx_word' id='word_1_208' title='bbox 1404 1650 1554 1721; x_wconf 80' lang='lat' dir='ltr'><strong>etgloriam</strong></span> <span class='ocrx_word' id='word_1_209' title='bbox 1567 1652 1902 1719; x_wconf 65' lang='lat' dir='ltr'><strong>resurrectionisettriunt·</strong></span> 
     </span>
     <span class='ocr_line' id='line_1_16' title="bbox 299 1738 1966 1815; baseline 0.002 -14"><span class='ocrx_word' id='word_1_210' title='bbox 299 1746 329 1802; x_wconf 91' lang='lat' dir='ltr'><strong>in</strong></span> <span class='ocrx_word' id='word_1_211' title='bbox 344 1748 493 1811; x_wconf 86' lang='lat' dir='ltr'><strong>radicibus,</strong></span> <span class='ocrx_word' id='word_1_212' title='bbox 509 1749 555 1802; x_wconf 85' lang='lat' dir='ltr'><strong>lati</strong></span> <span class='ocrx_word' id='word_1_213' title='bbox 571 1749 597 1803; x_wconf 92' lang='lat' dir='ltr'><strong>in</strong></span> <span class='ocrx_word' id='word_1_214' title='bbox 623 1746 737 1801; x_wconf 88' lang='lat' dir='ltr'><strong>duribus</strong></span> <span class='ocrx_word' id='word_1_215' title='bbox 751 1755 779 1801; x_wconf 91' lang='lat' dir='ltr'><strong>et</strong></span> <span class='ocrx_word' id='word_1_216' title='bbox 792 1744 940 1809; x_wconf 81' lang='lat' dir='ltr'><strong>fructibus,</strong></span> <span class='ocrx_word' id='word_1_217' title='bbox 958 1742 1089 1814; x_wconf 89' lang='lat' dir='ltr'><strong>quoniam</strong></span> <span class='ocrx_word' id='word_1_218' title='bbox 1142 1742 1226 1811; x_wconf 91' lang='lat' dir='ltr'><strong>phum</strong></span> <span class='ocrx_word' id='word_1_219' title='bbox 1245 1740 1418 1797; x_wconf 74' lang='lat' dir='ltr'><strong>ascensionis</strong></span> <span class='ocrx_word' id='word_1_220' title='bbox 1445 1744 1607 1812; x_wconf 84' lang='lat' dir='ltr'><strong>perueniret.</strong></span> <span class='ocrx_word' id='word_1_221' title='bbox 1625 1742 1694 1799; x_wconf 90' lang='lat' dir='ltr'><strong>lline</strong></span> <span class='ocrx_word' id='word_1_222' title='bbox 1720 1751 1784 1815; x_wconf 86' lang='lat' dir='ltr'><strong>post</strong></span> <span class='ocrx_word' id='word_1_223' title='bbox 1796 1762 1902 1806; x_wconf 88' lang='lat' dir='ltr'><strong>resurrec·</strong></span> <span class='ocrx_word' id='word_1_224' title='bbox 1965 1738 1966 1807; x_wconf 61' lang='lat' dir='ltr'>J</span> 
     </span>
     <span class='ocr_line' id='line_1_17' title="bbox 300 1802 1966 1908; baseline 0.002 -16"><span class='ocrx_word' id='word_1_225' title='bbox 300 1838 389 1892; x_wconf 93' lang='lat' dir='ltr'><strong>bonus</strong></span> <span class='ocrx_word' id='word_1_226' title='bbox 402 1837 472 1892; x_wconf 88' lang='lat' dir='ltr'><strong>odor</strong></span> <span class='ocrx_word' id='word_1_227' title='bbox 486 1836 588 1892; x_wconf 79' lang='lat' dir='ltr'><strong>Christi</strong></span> <span class='ocrx_word' id='word_1_228' title='bbox 603 1845 677 1904; x_wconf 84' lang='lat' dir='ltr'><strong>sunt,</strong></span> <span class='ocrx_word' id='word_1_229' title='bbox 691 1844 719 1893; x_wconf 91' lang='lat' dir='ltr'><strong>et</strong></span> <span class='ocrx_word' id='word_1_230' title='bbox 741 1844 868 1891; x_wconf 88' lang='lat' dir='ltr'><strong>sternunt</strong></span> <span class='ocrx_word' id='word_1_231' title='bbox 889 1834 959 1888; x_wconf 88' lang='lat' dir='ltr'><strong>riam</strong></span> <span class='ocrx_word' id='word_1_232' title='bbox 977 1832 1092 1889; x_wconf 88' lang='lat' dir='ltr'><strong>manda·</strong></span> <span class='ocrx_word' id='word_1_233' title='bbox 1107 1802 1128 1855; x_wconf 74' lang='lat' dir='ltr'><strong>B</strong></span> <span class='ocrx_word' id='word_1_234' title='bbox 1143 1833 1245 1889; x_wconf 88' lang='lat' dir='ltr'><strong>tionem</strong></span> <span class='ocrx_word' id='word_1_235' title='bbox 1258 1836 1297 1890; x_wconf 92' lang='lat' dir='ltr'><strong>ait</strong></span> <span class='ocrx_word' id='word_1_236' title='bbox 1308 1834 1449 1905; x_wconf 79' lang='lat' dir='ltr'><strong>discipulis</strong></span> <span class='ocrx_word' id='word_1_237' title='bbox 1460 1850 1483 1887; x_wconf 83' lang='lat' dir='ltr'><strong>:r</strong></span> <span class='ocrx_word' id='word_1_238' title='bbox 1496 1834 1563 1889; x_wconf 84' lang='lat' dir='ltr'><strong>llata</strong></span> <span class='ocrx_word' id='word_1_239' title='bbox 1577 1843 1621 1891; x_wconf 88' lang='lat' dir='ltr'><strong>est</strong></span> <span class='ocrx_word' id='word_1_240' title='bbox 1632 1835 1701 1889; x_wconf 89' lang='lat' dir='ltr'><strong>ruihi</strong></span> <span class='ocrx_word' id='word_1_241' title='bbox 1715 1836 1803 1891; x_wconf 90' lang='lat' dir='ltr'><strong>omnis</strong></span> <span class='ocrx_word' id='word_1_242' title='bbox 1810 1848 1901 1908; x_wconf 84' lang='lat' dir='ltr'><strong>potestas</strong></span> <span class='ocrx_word' id='word_1_243' title='bbox 1965 1824 1966 1829; x_wconf 8' lang='grc' dir='ltr'>ἵ</span> 
     </span>
     <span class='ocr_line' id='line_1_18' title="bbox 299 1926 1966 2000; baseline 0.003 -14"><span class='ocrx_word' id='word_1_244' title='bbox 299 1938 388 1986; x_wconf 88' lang='lat' dir='ltr'><strong>torum</strong></span> <span class='ocrx_word' id='word_1_245' title='bbox 402 1928 449 1985; x_wconf 84' lang='lat' dir='ltr'><strong>ilci</strong></span> <span class='ocrx_word' id='word_1_246' title='bbox 463 1930 628 1986; x_wconf 79' lang='lat' dir='ltr'><strong>bonafama.</strong></span> <span class='ocrx_word' id='word_1_247' title='bbox 1143 1926 1171 1981; x_wconf 88' lang='lat' dir='ltr'><strong>in</strong></span> <span class='ocrx_word' id='word_1_248' title='bbox 1184 1928 1254 1982; x_wconf 87' lang='lat' dir='ltr'><strong>coelo</strong></span> <span class='ocrx_word' id='word_1_249' title='bbox 1268 1938 1296 1983; x_wconf 91' lang='lat' dir='ltr'><strong>et</strong></span> <span class='ocrx_word' id='word_1_250' title='bbox 1311 1928 1338 1983; x_wconf 90' lang='lat' dir='ltr'><strong>in</strong></span> <span class='ocrx_word' id='word_1_251' title='bbox 1353 1938 1424 1984; x_wconf 90' lang='lat' dir='ltr'><strong>terra</strong></span> <span class='ocrx_word' id='word_1_252' title='bbox 1439 1928 1549 2000; x_wconf 85' lang='lat' dir='ltr'><strong>(llutth.</strong></span> <span class='ocrx_word' id='word_1_253' title='bbox 1564 1930 1673 1999; x_wconf 81' lang='lat' dir='ltr'><strong>xxrtu).</strong></span> <span class='ocrx_word' id='word_1_254' title='bbox 1694 1950 1704 1982; x_wconf 84' lang='grc' dir='ltr'><strong>ι</strong></span> <span class='ocrx_word' id='word_1_255' title='bbox 1721 1928 1847 1987; x_wconf 87' lang='lat' dir='ltr'><strong>Consonat</strong></span> <span class='ocrx_word' id='word_1_256' title='bbox 1858 1934 1902 1989; x_wconf 85' lang='lat' dir='ltr'><strong>laus</strong></span> <span class='ocrx_word' id='word_1_257' title='bbox 1965 1956 1966 1991; x_wconf 56' lang='grc' dir='ltr'><strong>ι</strong></span> 
     </span>
    </p>

    <p class='ocr_par' dir='ltr' id='par_1_3' title="bbox 294 2019 1966 2739">
     <span class='ocr_line' id='line_1_19' title="bbox 337 2019 1901 2093; baseline 0.004 -19"><span class='ocrx_word' id='word_1_258' title='bbox 337 2040 348 2074; x_wconf 81' lang='grc' dir='ltr'><strong>ι</strong></span> <span class='ocrx_word' id='word_1_259' title='bbox 363 2021 396 2075; x_wconf 85' lang='lat' dir='ltr'><strong>Bt</strong></span> <span class='ocrx_word' id='word_1_260' title='bbox 409 2038 472 2077; x_wconf 92' lang='lat' dir='ltr'><strong>cum</strong></span> <span class='ocrx_word' id='word_1_261' title='bbox 481 2022 538 2093; x_wconf 77' lang='lat' dir='ltr'><strong>iam</strong></span> <span class='ocrx_word' id='word_1_262' title='bbox 548 2021 781 2092; x_wconf 76' lang='lat' dir='ltr'><strong>appropinquaret</strong></span> <span class='ocrx_word' id='word_1_263' title='bbox 792 2020 826 2075; x_wconf 90' lang='lat' dir='ltr'><strong>ad</strong></span> <span class='ocrx_word' id='word_1_264' title='bbox 838 2019 1002 2075; x_wconf 84' lang='lat' dir='ltr'><strong>descensum</strong></span> <span class='ocrx_word' id='word_1_265' title='bbox 1016 2033 1093 2072; x_wconf 89' lang='lat' dir='ltr'><strong>mon·</strong></span> <span class='ocrx_word' id='word_1_266' title='bbox 1143 2020 1229 2075; x_wconf 81' lang='lat' dir='ltr'><strong>turbe</strong></span> <span class='ocrx_word' id='word_1_267' title='bbox 1250 2020 1311 2075; x_wconf 87' lang='lat' dir='ltr'><strong>roci</strong></span> <span class='ocrx_word' id='word_1_268' title='bbox 1324 2020 1467 2084; x_wconf 79' lang='lat' dir='ltr'><strong>Gabriclis.</strong></span> <span class='ocrx_word' id='word_1_269' title='bbox 1482 2022 1529 2091; x_wconf 91' lang='lat' dir='ltr'><strong>qui</strong></span> <span class='ocrx_word' id='word_1_270' title='bbox 1542 2021 1580 2077; x_wconf 88' lang='lat' dir='ltr'><strong>ait</strong></span> <span class='ocrx_word' id='word_1_271' title='bbox 1602 2021 1684 2077; x_wconf 91' lang='lat' dir='ltr'><strong>matri</strong></span> <span class='ocrx_word' id='word_1_272' title='bbox 1708 2020 1849 2079; x_wconf 75' lang='lat' dir='ltr'><strong>Domini«</strong></span> <span class='ocrx_word' id='word_1_273' title='bbox 1865 2022 1901 2080; x_wconf 83' lang='lat' dir='ltr'><strong>llic</strong></span> 
     </span>
     <span class='ocr_line' id='line_1_20' title="bbox 296 2110 1966 2185; baseline 0 -16"><span class='ocrx_word' id='word_1_274' title='bbox 296 2114 335 2169; x_wconf 85' lang='lat' dir='ltr'><strong>tis</strong></span> <span class='ocrx_word' id='word_1_275' title='bbox 352 2113 450 2170; x_wconf 87' lang='lat' dir='ltr'><strong>Olireti</strong></span> <span class='ocrx_word' id='word_1_276' title='bbox 474 2122 616 2185; x_wconf 80' lang='lat' dir='ltr'><strong>coeperunt</strong></span> <span class='ocrx_word' id='word_1_277' title='bbox 638 2129 734 2169; x_wconf 90' lang='lat' dir='ltr'><strong>omncs</strong></span> <span class='ocrx_word' id='word_1_278' title='bbox 757 2114 844 2168; x_wconf 75' lang='lat' dir='ltr'><strong>turbae</strong></span> <span class='ocrx_word' id='word_1_279' title='bbox 867 2111 1089 2167; x_wconf 83' lang='lat' dir='ltr'><strong>descendentium</strong></span> <span class='ocrx_word' id='word_1_280' title='bbox 1142 2112 1193 2169; x_wconf 89' lang='lat' dir='ltr'><strong>erit</strong></span> <span class='ocrx_word' id='word_1_281' title='bbox 1211 2110 1326 2183; x_wconf 80' lang='lat' dir='ltr'><strong>Magnus</strong></span> <span class='ocrx_word' id='word_1_282' title='bbox 1349 2122 1377 2166; x_wconf 91' lang='lat' dir='ltr'><strong>et</strong></span> <span class='ocrx_word' id='word_1_283' title='bbox 1391 2110 1476 2167; x_wconf 81' lang='lat' dir='ltr'><strong>Filius</strong></span> <span class='ocrx_word' id='word_1_284' title='bbox 1489 2111 1633 2167; x_wconf 75' lang='lat' dir='ltr'><strong>&#39;ditissimi</strong></span> <span class='ocrx_word' id='word_1_285' title='bbox 1650 2112 1800 2179; x_wconf 75' lang='lat' dir='ltr'><strong>vocabitur,</strong></span> <span class='ocrx_word' id='word_1_286' title='bbox 1813 2116 1901 2171; x_wconf 85' lang='lat' dir='ltr'><strong>etdahit</strong></span> <span class='ocrx_word' id='word_1_287' title='bbox 1965 2150 1966 2161; x_wconf 39' lang='grc' dir='ltr'>ι</span> 
     </span>
     <span class='ocr_line' id='line_1_21' title="bbox 298 2202 1898 2277; baseline 0 -16"><span class='ocrx_word' id='word_1_288' title='bbox 298 2206 446 2277; x_wconf 78' lang='lat' dir='ltr'><strong>gaudentes</strong></span> <span class='ocrx_word' id='word_1_289' title='bbox 463 2206 575 2260; x_wconf 75' lang='lat' dir='ltr'><strong>iaculare</strong></span> <span class='ocrx_word' id='word_1_290' title='bbox 593 2205 737 2259; x_wconf 86' lang='lat' dir='ltr'><strong>bominum</strong></span> <span class='ocrx_word' id='word_1_291' title='bbox 748 2218 931 2274; x_wconf 79' lang='lat' dir='ltr'><strong>rocemagna.</strong></span> <span class='ocrx_word' id='word_1_292' title='bbox 950 2223 960 2254; x_wconf 86' lang='grc' dir='ltr'><strong>ι</strong></span> <span class='ocrx_word' id='word_1_293' title='bbox 977 2202 1092 2257; x_wconf 88' lang='lat' dir='ltr'><strong>Besccn-</strong></span> <span class='ocrx_word' id='word_1_294' title='bbox 1141 2204 1181 2258; x_wconf 94' lang='lat' dir='ltr'><strong>illi</strong></span> <span class='ocrx_word' id='word_1_295' title='bbox 1204 2202 1337 2260; x_wconf 84' lang='lat' dir='ltr'><strong>Dominus</strong></span> <span class='ocrx_word' id='word_1_296' title='bbox 1357 2202 1430 2259; x_wconf 89' lang='lat' dir='ltr'><strong>Deus</strong></span> <span class='ocrx_word' id='word_1_297' title='bbox 1446 2204 1537 2260; x_wconf 87' lang='lat' dir='ltr'><strong>sedem</strong></span> <span class='ocrx_word' id='word_1_298' title='bbox 1555 2204 1643 2275; x_wconf 93' lang='lat' dir='ltr'><strong>patris</strong></span> <span class='ocrx_word' id='word_1_299' title='bbox 1663 2202 1750 2259; x_wconf 85' lang='lat' dir='ltr'><strong>Barirl</strong></span> <span class='ocrx_word' id='word_1_300' title='bbox 1763 2205 1820 2275; x_wconf 86' lang='lat' dir='ltr'><strong>ejus,</strong></span> <span class='ocrx_word' id='word_1_301' title='bbox 1832 2214 1853 2261; x_wconf 83' lang='lat' dir='ltr'><strong>et</strong></span> <span class='ocrx_word' id='word_1_302' title='bbox 1864 2224 1898 2262; x_wconf 89' lang='lat' dir='ltr'><strong>re·</strong></span> 
     </span>
     <span class='ocr_line' id='line_1_22' title="bbox 297 2292 1899 2367; baseline -0.001 -16"><span class='ocrx_word' id='word_1_303' title='bbox 297 2298 378 2351; x_wconf 90' lang='lat' dir='ltr'><strong>dente</strong></span> <span class='ocrx_word' id='word_1_304' title='bbox 401 2296 517 2350; x_wconf 86' lang='lat' dir='ltr'><strong>llomino</strong></span> <span class='ocrx_word' id='word_1_305' title='bbox 537 2296 570 2350; x_wconf 94' lang='lat' dir='ltr'><strong>de</strong></span> <span class='ocrx_word' id='word_1_306' title='bbox 585 2306 677 2350; x_wconf 91' lang='lat' dir='ltr'><strong>monte</strong></span> <span class='ocrx_word' id='word_1_307' title='bbox 696 2294 804 2359; x_wconf 88' lang='lat' dir='ltr'><strong>Olircti,</strong></span> <span class='ocrx_word' id='word_1_308' title='bbox 820 2294 845 2348; x_wconf 91' lang='lat' dir='ltr'><strong>id</strong></span> <span class='ocrx_word' id='word_1_309' title='bbox 867 2303 909 2349; x_wconf 90' lang='lat' dir='ltr'><strong>est</strong></span> <span class='ocrx_word' id='word_1_310' title='bbox 927 2292 1091 2348; x_wconf 81' lang='lat' dir='ltr'><strong>humiliante</strong></span> <span class='ocrx_word' id='word_1_311' title='bbox 1141 2296 1233 2367; x_wconf 76' lang='lat' dir='ltr'><strong>gualdi</strong></span> <span class='ocrx_word' id='word_1_312' title='bbox 1246 2297 1272 2349; x_wconf 91' lang='lat' dir='ltr'><strong>in</strong></span> <span class='ocrx_word' id='word_1_313' title='bbox 1289 2294 1465 2352; x_wconf 87' lang='lat' dir='ltr'><strong>domolacob</strong></span> <span class='ocrx_word' id='word_1_314' title='bbox 1485 2296 1512 2349; x_wconf 93' lang='lat' dir='ltr'><strong>in</strong></span> <span class='ocrx_word' id='word_1_315' title='bbox 1526 2304 1659 2351; x_wconf 79' lang='lat' dir='ltr'><strong>aeternum</strong></span> <span class='ocrx_word' id='word_1_316' title='bbox 1675 2295 1754 2365; x_wconf 83' lang='lat' dir='ltr'><strong>(Luc.</strong></span> <span class='ocrx_word' id='word_1_317' title='bbox 1769 2296 1794 2365; x_wconf 84' lang='lat' dir='ltr'><strong>r).</strong></span> <span class='ocrx_word' id='word_1_318' title='bbox 1809 2314 1816 2347; x_wconf 91' lang='grc' dir='ltr'><strong>ι</strong></span> <span class='ocrx_word' id='word_1_319' title='bbox 1830 2294 1899 2352; x_wconf 86' lang='lat' dir='ltr'><strong>liecte</strong></span> 
     </span>
     <span class='ocr_line' id='line_1_23' title="bbox 296 2384 1900 2461; baseline -0.001 -16"><span class='ocrx_word' id='word_1_320' title='bbox 296 2405 327 2445; x_wconf 83' lang='lat' dir='ltr'><strong>se</strong></span> <span class='ocrx_word' id='word_1_321' title='bbox 338 2389 372 2442; x_wconf 88' lang='lat' dir='ltr'><strong>ad</strong></span> <span class='ocrx_word' id='word_1_322' title='bbox 391 2388 577 2443; x_wconf 88' lang='lat' dir='ltr'><strong>inhrmitatcm</strong></span> <span class='ocrx_word' id='word_1_323' title='bbox 589 2400 689 2443; x_wconf 85' lang='lat' dir='ltr'><strong>uostrae</strong></span> <span class='ocrx_word' id='word_1_324' title='bbox 703 2388 806 2453; x_wconf 92' lang='lat' dir='ltr'><strong>carnis,</strong></span> <span class='ocrx_word' id='word_1_325' title='bbox 821 2403 883 2442; x_wconf 94' lang='lat' dir='ltr'><strong>cum</strong></span> <span class='ocrx_word' id='word_1_326' title='bbox 899 2388 934 2443; x_wconf 92' lang='lat' dir='ltr'><strong>sit</strong></span> <span class='ocrx_word' id='word_1_327' title='bbox 956 2387 984 2440; x_wconf 93' lang='lat' dir='ltr'><strong>in</strong></span> <span class='ocrx_word' id='word_1_328' title='bbox 1001 2384 1089 2441; x_wconf 78' lang='lat' dir='ltr'><strong>forma</strong></span> <span class='ocrx_word' id='word_1_329' title='bbox 1143 2404 1208 2461; x_wconf 84' lang='lat' dir='ltr'><strong>crgo</strong></span> <span class='ocrx_word' id='word_1_330' title='bbox 1223 2390 1341 2444; x_wconf 91' lang='lat' dir='ltr'><strong>clamant</strong></span> <span class='ocrx_word' id='word_1_331' title='bbox 1359 2407 1366 2443; x_wconf 76' lang='grc' dir='ltr'><strong>ι</strong></span> <span class='ocrx_word' id='word_1_332' title='bbox 1388 2408 1398 2441; x_wconf 89' lang='grc' dir='ltr'><strong>ι</strong></span> <span class='ocrx_word' id='word_1_333' title='bbox 1416 2386 1544 2443; x_wconf 81' lang='lat' dir='ltr'><strong>hosanna</strong></span> <span class='ocrx_word' id='word_1_334' title='bbox 1563 2389 1590 2443; x_wconf 92' lang='lat' dir='ltr'><strong>in</strong></span> <span class='ocrx_word' id='word_1_335' title='bbox 1605 2388 1741 2452; x_wconf 81' lang='lat' dir='ltr'><strong>excelsis,</strong></span> <span class='ocrx_word' id='word_1_336' title='bbox 1757 2388 1781 2442; x_wconf 91' lang='lat' dir='ltr'><strong>id</strong></span> <span class='ocrx_word' id='word_1_337' title='bbox 1799 2388 1900 2444; x_wconf 84' lang='lat' dir='ltr'><strong>cstsalra</strong></span> 
     </span>
     <span class='ocr_line' id='line_1_24' title="bbox 295 2478 1966 2551; baseline 0.001 -16"><span class='ocrx_word' id='word_1_338' title='bbox 295 2480 354 2535; x_wconf 83' lang='lat' dir='ltr'><strong>bet.</strong></span> <span class='ocrx_word' id='word_1_339' title='bbox 367 2479 436 2535; x_wconf 85' lang='lat' dir='ltr'><strong>Cum</strong></span> <span class='ocrx_word' id='word_1_340' title='bbox 453 2481 499 2535; x_wconf 94' lang='lat' dir='ltr'><strong>illo</strong></span> <span class='ocrx_word' id='word_1_341' title='bbox 509 2481 679 2536; x_wconf 86' lang='lat' dir='ltr'><strong>descendunt</strong></span> <span class='ocrx_word' id='word_1_342' title='bbox 703 2480 799 2544; x_wconf 76' lang='lat' dir='ltr'><strong>turbe,</strong></span> <span class='ocrx_word' id='word_1_343' title='bbox 812 2480 839 2533; x_wconf 92' lang='lat' dir='ltr'><strong>id</strong></span> <span class='ocrx_word' id='word_1_344' title='bbox 853 2488 895 2535; x_wconf 88' lang='lat' dir='ltr'><strong>est</strong></span> <span class='ocrx_word' id='word_1_345' title='bbox 909 2478 1090 2533; x_wconf 80' lang='lat' dir='ltr'><strong>humiliantur</strong></span> <span class='ocrx_word' id='word_1_346' title='bbox 1141 2498 1192 2537; x_wconf 89' lang='lat' dir='ltr'><strong>nos</strong></span> <span class='ocrx_word' id='word_1_347' title='bbox 1211 2480 1238 2535; x_wconf 90' lang='lat' dir='ltr'><strong>in</strong></span> <span class='ocrx_word' id='word_1_348' title='bbox 1254 2480 1421 2547; x_wconf 71' lang='lat' dir='ltr'><strong>coelestibus,</strong></span> <span class='ocrx_word' id='word_1_349' title='bbox 1435 2480 1480 2535; x_wconf 91' lang='lat' dir='ltr'><strong>ubi</strong></span> <span class='ocrx_word' id='word_1_350' title='bbox 1495 2480 1688 2536; x_wconf 87' lang='lat' dir='ltr'><strong>seilicetomne</strong></span> <span class='ocrx_word' id='word_1_351' title='bbox 1698 2496 1771 2551; x_wconf 76' lang='lat' dir='ltr'><strong>genu</strong></span> <span class='ocrx_word' id='word_1_352' title='bbox 1782 2479 1825 2535; x_wconf 90' lang='lat' dir='ltr'><strong>sibi</strong></span> <span class='ocrx_word' id='word_1_353' title='bbox 1835 2482 1902 2537; x_wconf 72' lang='lat' dir='ltr'><strong>lecte</strong></span> <span class='ocrx_word' id='word_1_354' title='bbox 1965 2480 1966 2485; x_wconf 74' lang='grc'>’</span> 
     </span>
     <span class='ocr_line' id='line_1_25' title="bbox 295 2570 1901 2645; baseline -0.001 -16"><span class='ocrx_word' id='word_1_355' title='bbox 295 2574 348 2629; x_wconf 83' lang='lat' dir='ltr'><strong>sub</strong></span> <span class='ocrx_word' id='word_1_356' title='bbox 362 2588 445 2628; x_wconf 93' lang='lat' dir='ltr'><strong>manu</strong></span> <span class='ocrx_word' id='word_1_357' title='bbox 463 2574 583 2645; x_wconf 87' lang='lat' dir='ltr'><strong>ejusqui</strong></span> <span class='ocrx_word' id='word_1_358' title='bbox 599 2572 790 2628; x_wconf 87' lang='lat' dir='ltr'><strong>misericordia</strong></span> <span class='ocrx_word' id='word_1_359' title='bbox 810 2572 941 2643; x_wconf 79' lang='lat' dir='ltr'><strong>indigent,</strong></span> <span class='ocrx_word' id='word_1_360' title='bbox 956 2580 986 2626; x_wconf 93' lang='lat' dir='ltr'><strong>ut</strong></span> <span class='ocrx_word' id='word_1_361' title='bbox 1007 2570 1042 2626; x_wconf 89' lang='lat' dir='ltr'><strong>ab</strong></span> <span class='ocrx_word' id='word_1_362' title='bbox 1055 2586 1089 2626; x_wconf 91' lang='lat' dir='ltr'><strong>eo</strong></span> <span class='ocrx_word' id='word_1_363' title='bbox 1139 2584 1194 2643; x_wconf 89' lang='lat' dir='ltr'><strong>tur,</strong></span> <span class='ocrx_word' id='word_1_364' title='bbox 1219 2575 1383 2639; x_wconf 80' lang='lat' dir='ltr'><strong>coelestium,</strong></span> <span class='ocrx_word' id='word_1_365' title='bbox 1413 2575 1584 2629; x_wconf 91' lang='lat' dir='ltr'><strong>terrestrium</strong></span> <span class='ocrx_word' id='word_1_366' title='bbox 1608 2583 1636 2630; x_wconf 87' lang='lat' dir='ltr'><strong>et</strong></span> <span class='ocrx_word' id='word_1_367' title='bbox 1663 2574 1901 2645; x_wconf 69' lang='lat' dir='ltr'><strong>internorumll’hi·</strong></span> 
     </span>
     <span class='ocr_line' id='line_1_26' title="bbox 294 2663 1293 2739; baseline 0.003 -21"><span class='ocrx_word' id='word_1_368' title='bbox 294 2663 461 2718; x_wconf 86' lang='lat' dir='ltr'><strong>exaltentur.</strong></span> <span class='ocrx_word' id='word_1_369' title='bbox 1138 2668 1203 2739; x_wconf 84' lang='lat' dir='ltr'><strong>lipp.</strong></span> <span class='ocrx_word' id='word_1_370' title='bbox 1223 2669 1263 2739; x_wconf 78' lang='lat' dir='ltr'><strong>n).</strong></span> <span class='ocrx_word' id='word_1_371' title='bbox 1284 2687 1293 2721; x_wconf 84' lang='grc' dir='ltr'><strong>ι</strong></span> 
     </span>
    </p>

    <p class='ocr_par' dir='ltr' id='par_1_4' title="bbox 289 2752 1966 3385">
     <span class='ocr_line' id='line_1_27' title="bbox 333 2752 1966 2835; baseline 0.002 -27"><span class='ocrx_word' id='word_1_372' title='bbox 333 2752 464 2810; x_wconf 71' lang='lat' dir='ltr'><strong>‹Turbee</strong></span> <span class='ocrx_word' id='word_1_373' title='bbox 474 2766 564 2809; x_wconf 88' lang='lat' dir='ltr'><strong>autem</strong></span> <span class='ocrx_word' id='word_1_374' title='bbox 580 2771 641 2825; x_wconf 81' lang='lat' dir='ltr'><strong>quae</strong></span> <span class='ocrx_word' id='word_1_375' title='bbox 651 2754 848 2826; x_wconf 76' lang='lat' dir='ltr'><strong>praecedebant,</strong></span> <span class='ocrx_word' id='word_1_376' title='bbox 869 2762 896 2809; x_wconf 90' lang='lat' dir='ltr'><strong>et</strong></span> <span class='ocrx_word' id='word_1_377' title='bbox 915 2768 976 2824; x_wconf 84' lang='lat' dir='ltr'><strong>quae</strong></span> <span class='ocrx_word' id='word_1_378' title='bbox 990 2768 1088 2824; x_wconf 88' lang='lat' dir='ltr'><strong>seque·</strong></span> <span class='ocrx_word' id='word_1_379' title='bbox 1174 2760 1328 2815; x_wconf 86' lang='lat' dir='ltr'><strong>Notandum</strong></span> <span class='ocrx_word' id='word_1_380' title='bbox 1355 2758 1429 2831; x_wconf 90' lang='lat' dir='ltr'><strong>quod</strong></span> <span class='ocrx_word' id='word_1_381' title='bbox 1457 2759 1581 2815; x_wconf 88' lang='lat' dir='ltr'><strong>hosanna</strong></span> <span class='ocrx_word' id='word_1_382' title='bbox 1625 2754 1791 2813; x_wconf 88' lang='lat' dir='ltr'><strong>llebraieum</strong></span> <span class='ocrx_word' id='word_1_383' title='bbox 1815 2756 1901 2812; x_wconf 87' lang='lat' dir='ltr'><strong>rerbnn</strong></span> <span class='ocrx_word' id='word_1_384' title='bbox 1965 2804 1966 2835; x_wconf 60' lang='lat'>3</span> 
     </span>
     <span class='ocr_line' id='line_1_28' title="bbox 293 2836 1901 2925; baseline -0.001 -17"><span class='ocrx_word' id='word_1_385' title='bbox 293 2846 570 2913; x_wconf 58' lang='lat' dir='ltr'><strong>bancornensem</strong></span> <span class='ocrx_word' id='word_1_386' title='bbox 580 2844 853 2901; x_wconf 64' lang='lat' dir='ltr'><strong>dicenlffitflllsanssl</strong></span> <span class='ocrx_word' id='word_1_387' title='bbox 865 2836 1086 2911; x_wconf 55' lang='lat' dir='ltr'><strong>fili0D³lid2ssess</strong></span> <span class='ocrx_word' id='word_1_388' title='bbox 1138 2856 1320 2925; x_wconf 89' lang='lat' dir='ltr'><strong>compositum</strong></span> <span class='ocrx_word' id='word_1_389' title='bbox 1335 2864 1377 2909; x_wconf 90' lang='lat' dir='ltr'><strong>est</strong></span> <span class='ocrx_word' id='word_1_390' title='bbox 1393 2870 1427 2909; x_wconf 84' lang='lat' dir='ltr'><strong>ex</strong></span> <span class='ocrx_word' id='word_1_391' title='bbox 1442 2864 1572 2924; x_wconf 89' lang='lat' dir='ltr'><strong>corrupto</strong></span> <span class='ocrx_word' id='word_1_392' title='bbox 1583 2861 1610 2907; x_wconf 89' lang='lat' dir='ltr'><strong>et</strong></span> <span class='ocrx_word' id='word_1_393' title='bbox 1623 2853 1740 2923; x_wconf 79' lang='lat' dir='ltr'><strong>integro.</strong></span> <span class='ocrx_word' id='word_1_394' title='bbox 1759 2850 1832 2906; x_wconf 81' lang='lat' dir='ltr'><strong>Salva</strong></span> <span class='ocrx_word' id='word_1_395' title='bbox 1842 2866 1901 2907; x_wconf 83' lang='lat' dir='ltr'><strong>nant·</strong></span> 
     </span>
     <span class='ocr_line' id='line_1_29' title="bbox 292 2936 1904 3016; baseline -0.001 -21"><span class='ocrx_word' id='word_1_396' title='bbox 292 2941 417 2996; x_wconf 89' lang='lat' dir='ltr'><strong>nedictus</strong></span> <span class='ocrx_word' id='word_1_397' title='bbox 436 2941 484 3011; x_wconf 89' lang='lat' dir='ltr'><strong>qui</strong></span> <span class='ocrx_word' id='word_1_398' title='bbox 504 2941 578 2994; x_wconf 87' lang='lat' dir='ltr'><strong>rcnit</strong></span> <span class='ocrx_word' id='word_1_399' title='bbox 590 2956 637 2994; x_wconf 81' lang='lat' dir='ltr'><strong>reu</strong></span> <span class='ocrx_word' id='word_1_400' title='bbox 655 2941 683 2994; x_wconf 92' lang='lat' dir='ltr'><strong>in</strong></span> <span class='ocrx_word' id='word_1_401' title='bbox 707 2938 819 2994; x_wconf 91' lang='lat' dir='ltr'><strong>nomine</strong></span> <span class='ocrx_word' id='word_1_402' title='bbox 835 2938 954 3015; x_wconf 80' lang='lat' dir='ltr'><strong>Bonrini.</strong></span> <span class='ocrx_word' id='word_1_403' title='bbox 979 2936 1036 2993; x_wconf 83' lang='lat' dir='ltr'><strong>Pax</strong></span> <span class='ocrx_word' id='word_1_404' title='bbox 1058 2937 1085 2991; x_wconf 91' lang='lat' dir='ltr'><strong>in</strong></span> <span class='ocrx_word' id='word_1_405' title='bbox 1137 2945 1259 3016; x_wconf 81' lang='lat' dir='ltr'><strong>questro</strong></span> <span class='ocrx_word' id='word_1_406' title='bbox 1277 2944 1397 2999; x_wconf 85' lang='lat' dir='ltr'><strong>salvillca</strong></span> <span class='ocrx_word' id='word_1_407' title='bbox 1411 2942 1483 3014; x_wconf 87' lang='lat' dir='ltr'><strong>apud</strong></span> <span class='ocrx_word' id='word_1_408' title='bbox 1498 2957 1547 2999; x_wconf 89' lang='lat' dir='ltr'><strong>eos</strong></span> <span class='ocrx_word' id='word_1_409' title='bbox 1559 2941 1660 2996; x_wconf 91' lang='lat' dir='ltr'><strong>dicitur</strong></span> <span class='ocrx_word' id='word_1_410' title='bbox 1675 2941 1736 2997; x_wconf 89' lang='lat' dir='ltr'><strong>hosi</strong></span> <span class='ocrx_word' id='word_1_411' title='bbox 1750 2948 1779 2995; x_wconf 88' lang='lat' dir='ltr'><strong>ct</strong></span> <span class='ocrx_word' id='word_1_412' title='bbox 1792 2955 1853 2995; x_wconf 84' lang='lat' dir='ltr'><strong>anna</strong></span> <span class='ocrx_word' id='word_1_413' title='bbox 1872 2946 1904 2993; x_wconf 77' lang='lat' dir='ltr'><strong>est</strong></span> 
     </span>
     <span class='ocr_line' id='line_1_30' title="bbox 291 3032 1904 3108; baseline -0.003 -19"><span class='ocrx_word' id='word_1_414' title='bbox 291 3034 362 3089; x_wconf 82' lang='lat' dir='ltr'><strong>coelo</strong></span> <span class='ocrx_word' id='word_1_415' title='bbox 386 3044 413 3089; x_wconf 89' lang='lat' dir='ltr'><strong>et</strong></span> <span class='ocrx_word' id='word_1_416' title='bbox 435 3034 521 3104; x_wconf 76' lang='lat' dir='ltr'><strong>gloria</strong></span> <span class='ocrx_word' id='word_1_417' title='bbox 540 3034 567 3088; x_wconf 91' lang='lat' dir='ltr'><strong>iu</strong></span> <span class='ocrx_word' id='word_1_418' title='bbox 585 3034 712 3089; x_wconf 76' lang='lat' dir='ltr'><strong>excelsis.</strong></span> <span class='ocrx_word' id='word_1_419' title='bbox 737 3052 748 3086; x_wconf 87' lang='grc' dir='ltr'><strong>ι</strong></span> <span class='ocrx_word' id='word_1_420' title='bbox 770 3032 933 3087; x_wconf 84' lang='lat' dir='ltr'><strong>Benedictus</strong></span> <span class='ocrx_word' id='word_1_421' title='bbox 946 3032 992 3101; x_wconf 92' lang='lat' dir='ltr'><strong>qui</strong></span> <span class='ocrx_word' id='word_1_422' title='bbox 1010 3032 1085 3086; x_wconf 84' lang='lat' dir='ltr'><strong>venit</strong></span> <span class='ocrx_word' id='word_1_423' title='bbox 1137 3038 1291 3108; x_wconf 72' lang='lat' dir='ltr'><strong>interjectio</strong></span> <span class='ocrx_word' id='word_1_424' title='bbox 1310 3036 1491 3108; x_wconf 76' lang='lat' dir='ltr'><strong>deprecantis.</strong></span> <span class='ocrx_word' id='word_1_425' title='bbox 1518 3034 1641 3104; x_wconf 87' lang='lat' dir='ltr'><strong>Denique</strong></span> <span class='ocrx_word' id='word_1_426' title='bbox 1661 3034 1688 3088; x_wconf 93' lang='lat' dir='ltr'><strong>iu</strong></span> <span class='ocrx_word' id='word_1_427' title='bbox 1711 3032 1814 3103; x_wconf 88' lang='lat' dir='ltr'><strong>psalmo</strong></span> <span class='ocrx_word' id='word_1_428' title='bbox 1831 3046 1904 3097; x_wconf 82' lang='lat' dir='ltr'><strong>cruit,</strong></span> 
     </span>
     <span class='ocr_line' id='line_1_31' title="bbox 291 3123 1905 3203; baseline -0.001 -23"><span class='ocrx_word' id='word_1_429' title='bbox 291 3141 405 3197; x_wconf 80' lang='lat' dir='ltr'><strong>regnum</strong></span> <span class='ocrx_word' id='word_1_430' title='bbox 419 3128 505 3196; x_wconf 88' lang='lat' dir='ltr'><strong>patris</strong></span> <span class='ocrx_word' id='word_1_431' title='bbox 526 3126 614 3181; x_wconf 89' lang='lat' dir='ltr'><strong>nostri</strong></span> <span class='ocrx_word' id='word_1_432' title='bbox 637 3124 721 3181; x_wconf 80' lang='lat' dir='ltr'><strong>[lariti</strong></span> <span class='ocrx_word' id='word_1_433' title='bbox 736 3144 743 3180; x_wconf 74' lang='grc' dir='ltr'><strong><em>ε</em></strong></span> <span class='ocrx_word' id='word_1_434' title='bbox 761 3123 890 3180; x_wconf 86' lang='lat' dir='ltr'><strong>llosanua</strong></span> <span class='ocrx_word' id='word_1_435' title='bbox 913 3125 940 3177; x_wconf 93' lang='grc' dir='ltr'><strong>ιιι</strong></span> <span class='ocrx_word' id='word_1_436' title='bbox 955 3125 1080 3179; x_wconf 77' lang='lat' dir='ltr'><strong>excelsis.</strong></span> <span class='ocrx_word' id='word_1_437' title='bbox 1097 3142 1119 3203; x_wconf 73' lang='lat' dir='ltr'>C</span> <span class='ocrx_word' id='word_1_438' title='bbox 1137 3132 1182 3189; x_wconf 82' lang='lat' dir='ltr'><strong>uhi</strong></span> <span class='ocrx_word' id='word_1_439' title='bbox 1202 3148 1255 3186; x_wconf 70' lang='lat' dir='ltr'><strong>ru</strong></span> <span class='ocrx_word' id='word_1_440' title='bbox 1269 3129 1430 3200; x_wconf 79' lang='lat' dir='ltr'><strong>interpretes</strong></span> <span class='ocrx_word' id='word_1_441' title='bbox 1451 3128 1671 3183; x_wconf 83' lang='lat' dir='ltr'><strong>transtulerunt:</strong></span> <span class='ocrx_word' id='word_1_442' title='bbox 1694 3126 1847 3191; x_wconf 76' lang='lat' dir='ltr'><strong>dilemma,</strong></span> <span class='ocrx_word' id='word_1_443' title='bbox 1861 3124 1905 3179; x_wconf 91' lang='lat' dir='ltr'><strong>sal·</strong></span> 
     </span>
     <span class='ocr_line' id='line_1_32' title="bbox 289 3216 1966 3293; baseline 0 -18"><span class='ocrx_word' id='word_1_444' title='bbox 289 3220 614 3293; x_wconf 81' lang='lat' dir='ltr'><strong>Praeeeduntprophete,</strong></span> <span class='ocrx_word' id='word_1_445' title='bbox 635 3231 789 3293; x_wconf 90' lang='lat' dir='ltr'><strong>sequuntur</strong></span> <span class='ocrx_word' id='word_1_446' title='bbox 810 3221 937 3293; x_wconf 90' lang='lat' dir='ltr'><strong>apostoli.</strong></span> <span class='ocrx_word' id='word_1_447' title='bbox 961 3220 1085 3291; x_wconf 78' lang='lat' dir='ltr'><strong>libyssus</strong></span> <span class='ocrx_word' id='word_1_448' title='bbox 1139 3239 1204 3277; x_wconf 86' lang='lat' dir='ltr'><strong>rum</strong></span> <span class='ocrx_word' id='word_1_449' title='bbox 1235 3238 1278 3276; x_wconf 91' lang='lat' dir='ltr'><strong>mc</strong></span> <span class='ocrx_word' id='word_1_450' title='bbox 1301 3221 1355 3285; x_wconf 89' lang='lat' dir='ltr'><strong>lae,</strong></span> <span class='ocrx_word' id='word_1_451' title='bbox 1372 3221 1400 3275; x_wconf 93' lang='lat' dir='ltr'><strong>in</strong></span> <span class='ocrx_word' id='word_1_452' title='bbox 1416 3220 1529 3274; x_wconf 84' lang='lat' dir='ltr'><strong>llcbraeo</strong></span> <span class='ocrx_word' id='word_1_453' title='bbox 1541 3218 1674 3289; x_wconf 89' lang='lat' dir='ltr'><strong>scriptum</strong></span> <span class='ocrx_word' id='word_1_454' title='bbox 1688 3231 1732 3275; x_wconf 87' lang='lat' dir='ltr'><strong>est</strong></span> <span class='ocrx_word' id='word_1_455' title='bbox 1750 3218 1839 3273; x_wconf 76' lang='lat' dir='ltr'><strong>:druna</strong></span> <span class='ocrx_word' id='word_1_456' title='bbox 1851 3216 1904 3270; x_wconf 89' lang='lat' dir='ltr'><strong>ado·</strong></span> <span class='ocrx_word' id='word_1_457' title='bbox 1965 3220 1966 3275; x_wconf 68' lang='lat' dir='ltr'><strong>l</strong></span> 
     </span>
     <span class='ocr_line' id='line_1_33' title="bbox 289 3311 1906 3385; baseline -0.003 -18"><span class='ocrx_word' id='word_1_458' title='bbox 289 3314 419 3384; x_wconf 82' lang='lat' dir='ltr'><strong>abyssum</strong></span> <span class='ocrx_word' id='word_1_459' title='bbox 448 3316 557 3369; x_wconf 82' lang='lat' dir='ltr'><strong>invocat</strong></span> <span class='ocrx_word' id='word_1_460' title='bbox 568 3314 657 3385; x_wconf 84' lang='lat' dir='ltr'><strong>(Psoi.</strong></span> <span class='ocrx_word' id='word_1_461' title='bbox 670 3316 737 3385; x_wconf 81' lang='lat' dir='ltr'><strong>xci),</strong></span> <span class='ocrx_word' id='word_1_462' title='bbox 753 3316 780 3371; x_wconf 94' lang='lat' dir='ltr'><strong>id</strong></span> <span class='ocrx_word' id='word_1_463' title='bbox 796 3325 837 3371; x_wconf 93' lang='lat' dir='ltr'><strong>cst</strong></span> <span class='ocrx_word' id='word_1_464' title='bbox 851 3315 896 3370; x_wconf 83' lang='lat' dir='ltr'><strong>lex</strong></span> <span class='ocrx_word' id='word_1_465' title='bbox 918 3314 1005 3385; x_wconf 81' lang='lat' dir='ltr'><strong>legem</strong></span> <span class='ocrx_word' id='word_1_466' title='bbox 1018 3315 1085 3370; x_wconf 89' lang='lat' dir='ltr'><strong>alte·</strong></span> <span class='ocrx_word' id='word_1_467' title='bbox 1138 3314 1195 3379; x_wconf 87' lang='lat' dir='ltr'><strong>nni,</strong></span> <span class='ocrx_word' id='word_1_468' title='bbox 1210 3314 1269 3369; x_wconf 88' lang='lat' dir='ltr'><strong>hosi</strong></span> <span class='ocrx_word' id='word_1_469' title='bbox 1285 3328 1367 3367; x_wconf 85' lang='lat' dir='ltr'><strong>aura.</strong></span> <span class='ocrx_word' id='word_1_470' title='bbox 1383 3312 1461 3379; x_wconf 83' lang='lat' dir='ltr'><strong>erod</strong></span> <span class='ocrx_word' id='word_1_471' title='bbox 1488 3312 1622 3381; x_wconf 86' lang='lat' dir='ltr'><strong>interpres</strong></span> <span class='ocrx_word' id='word_1_472' title='bbox 1639 3322 1736 3367; x_wconf 79' lang='lat' dir='ltr'><strong>noster</strong></span> <span class='ocrx_word' id='word_1_473' title='bbox 1746 3311 1906 3380; x_wconf 69' lang='lat' dir='ltr'><strong>Hieronymus</strong></span> 
     </span>
    </p>
   </div>
   <div class='ocr_carea' id='block_1_3' title="bbox 285 3403 1084 4399">
    <p class='ocr_par' dir='ltr' id='par_1_5' title="bbox 285 3403 1084 4399">
     <span class='ocr_line' id='line_1_34' title="bbox 288 3403 1084 3477; baseline 0.001 -19"><span class='ocrx_word' id='word_1_474' title='bbox 288 3420 358 3459; x_wconf 87' lang='lat' dir='ltr'><strong>ram.</strong></span> <span class='ocrx_word' id='word_1_475' title='bbox 376 3403 518 3461; x_wconf 67' lang='lat' dir='ltr'><strong>Praecessit</strong></span> <span class='ocrx_word' id='word_1_476' title='bbox 532 3404 664 3461; x_wconf 86' lang='lat' dir='ltr'><strong>luduicus</strong></span> <span class='ocrx_word' id='word_1_477' title='bbox 679 3407 811 3476; x_wconf 90' lang='lat' dir='ltr'><strong>populus,</strong></span> <span class='ocrx_word' id='word_1_478' title='bbox 827 3414 938 3461; x_wconf 91' lang='lat' dir='ltr'><strong>secutus</strong></span> <span class='ocrx_word' id='word_1_479' title='bbox 952 3414 994 3459; x_wconf 89' lang='lat' dir='ltr'><strong>est</strong></span> <span class='ocrx_word' id='word_1_480' title='bbox 1019 3420 1084 3477; x_wconf 80' lang='lat' dir='ltr'><strong>gen-</strong></span> 
     </span>
     <span class='ocr_line' id='line_1_35' title="bbox 287 3495 1084 3553; baseline 0 -2"><span class='ocrx_word' id='word_1_481' title='bbox 287 3496 360 3551; x_wconf 89' lang='lat' dir='ltr'><strong>tiles.</strong></span> <span class='ocrx_word' id='word_1_482' title='bbox 379 3495 508 3552; x_wconf 89' lang='lat' dir='ltr'><strong>llomines</strong></span> <span class='ocrx_word' id='word_1_483' title='bbox 525 3497 619 3553; x_wconf 90' lang='lat' dir='ltr'><strong>ddclcs</strong></span> <span class='ocrx_word' id='word_1_484' title='bbox 636 3498 756 3553; x_wconf 90' lang='lat' dir='ltr'><strong>clamant</strong></span> <span class='ocrx_word' id='word_1_485' title='bbox 774 3498 830 3552; x_wconf 90' lang='lat' dir='ltr'><strong>lilio</strong></span> <span class='ocrx_word' id='word_1_486' title='bbox 847 3496 935 3552; x_wconf 82' lang='lat' dir='ltr'><strong>David</strong></span> <span class='ocrx_word' id='word_1_487' title='bbox 951 3516 958 3552; x_wconf 77' lang='grc' dir='ltr'><strong>ι</strong></span> <span class='ocrx_word' id='word_1_488' title='bbox 975 3496 1084 3553; x_wconf 88' lang='lat' dir='ltr'><strong>llosan·</strong></span> 
     </span>
     <span class='ocr_line' id='line_1_36' title="bbox 288 3588 1080 3661; baseline 0.004 -18"><span class='ocrx_word' id='word_1_489' title='bbox 288 3604 323 3643; x_wconf 90' lang='lat' dir='ltr'><strong>na</strong></span> <span class='ocrx_word' id='word_1_490' title='bbox 340 3608 346 3641; x_wconf 95' lang='lat'><strong>:</strong></span> <span class='ocrx_word' id='word_1_491' title='bbox 363 3590 435 3658; x_wconf 91' lang='lat' dir='ltr'><strong>quod</strong></span> <span class='ocrx_word' id='word_1_492' title='bbox 455 3588 551 3644; x_wconf 87' lang='lat' dir='ltr'><strong>Latine</strong></span> <span class='ocrx_word' id='word_1_493' title='bbox 563 3589 664 3644; x_wconf 87' lang='lat' dir='ltr'><strong>dicitur</strong></span> <span class='ocrx_word' id='word_1_494' title='bbox 679 3590 762 3655; x_wconf 87' lang='lat' dir='ltr'><strong>salus,</strong></span> <span class='ocrx_word' id='word_1_495' title='bbox 778 3596 842 3661; x_wconf 89' lang='lat' dir='ltr'><strong>quin</strong></span> <span class='ocrx_word' id='word_1_496' title='bbox 856 3590 971 3645; x_wconf 90' lang='lat' dir='ltr'><strong>eredunt</strong></span> <span class='ocrx_word' id='word_1_497' title='bbox 994 3588 1080 3646; x_wconf 86' lang='lat' dir='ltr'><strong>David</strong></span> 
     </span>
     <span class='ocr_line' id='line_1_37' title="bbox 287 3678 1078 3745; baseline 0 -12"><span class='ocrx_word' id='word_1_498' title='bbox 287 3678 375 3733; x_wconf 86' lang='lat' dir='ltr'><strong>lilium</strong></span> <span class='ocrx_word' id='word_1_499' title='bbox 395 3678 443 3733; x_wconf 84' lang='lat' dir='ltr'><strong>bui</strong></span> <span class='ocrx_word' id='word_1_500' title='bbox 469 3680 567 3745; x_wconf 88' lang='lat' dir='ltr'><strong>hlium,</strong></span> <span class='ocrx_word' id='word_1_501' title='bbox 594 3696 677 3733; x_wconf 85' lang='lat' dir='ltr'><strong>unrrm</strong></span> <span class='ocrx_word' id='word_1_502' title='bbox 706 3682 792 3735; x_wconf 90' lang='lat' dir='ltr'><strong>lilium</strong></span> <span class='ocrx_word' id='word_1_503' title='bbox 818 3680 926 3735; x_wconf 76' lang='lat' dir='ltr'><strong>saltare</strong></span> <span class='ocrx_word' id='word_1_504' title='bbox 942 3689 1078 3744; x_wconf 89' lang='lat' dir='ltr'><strong>tcrrcnos,</strong></span> 
     </span>
     <span class='ocr_line' id='line_1_38' title="bbox 287 3770 1080 3840; baseline 0 -15"><span class='ocrx_word' id='word_1_505' title='bbox 287 3778 319 3825; x_wconf 91' lang='lat' dir='ltr'><strong>ut</strong></span> <span class='ocrx_word' id='word_1_506' title='bbox 344 3770 412 3840; x_wconf 89' lang='lat' dir='ltr'><strong>justi</strong></span> <span class='ocrx_word' id='word_1_507' title='bbox 438 3771 464 3824; x_wconf 95' lang='lat' dir='ltr'><strong>in</strong></span> <span class='ocrx_word' id='word_1_508' title='bbox 483 3772 642 3840; x_wconf 74' lang='lat' dir='ltr'><strong>arrpelornnt</strong></span> <span class='ocrx_word' id='word_1_509' title='bbox 658 3773 766 3826; x_wconf 91' lang='lat' dir='ltr'><strong>ruinam</strong></span> <span class='ocrx_word' id='word_1_510' title='bbox 789 3772 967 3827; x_wconf 74' lang='lat' dir='ltr'><strong>edificentur.</strong></span> <span class='ocrx_word' id='word_1_511' title='bbox 986 3770 1080 3825; x_wconf 81' lang='lat' dir='ltr'><strong>Conli-</strong></span> 
     </span>
     <span class='ocr_line' id='line_1_39' title="bbox 287 3860 1080 3935; baseline -0.003 -18"><span class='ocrx_word' id='word_1_512' title='bbox 287 3869 380 3917; x_wconf 92' lang='lat' dir='ltr'><strong>tentur</strong></span> <span class='ocrx_word' id='word_1_513' title='bbox 393 3862 476 3917; x_wconf 85' lang='lat' dir='ltr'><strong>etiam</strong></span> <span class='ocrx_word' id='word_1_514' title='bbox 505 3864 676 3920; x_wconf 87' lang='lat' dir='ltr'><strong>benedictum</strong></span> <span class='ocrx_word' id='word_1_515' title='bbox 694 3866 741 3935; x_wconf 90' lang='lat' dir='ltr'><strong>qui</strong></span> <span class='ocrx_word' id='word_1_516' title='bbox 757 3864 831 3919; x_wconf 82' lang='lat' dir='ltr'><strong>veuit</strong></span> <span class='ocrx_word' id='word_1_517' title='bbox 853 3864 880 3917; x_wconf 93' lang='lat' dir='ltr'><strong>in</strong></span> <span class='ocrx_word' id='word_1_518' title='bbox 900 3864 1011 3917; x_wconf 88' lang='lat' dir='ltr'><strong>nominc</strong></span> <span class='ocrx_word' id='word_1_519' title='bbox 1026 3860 1080 3915; x_wconf 88' lang='lat' dir='ltr'><strong>Do-</strong></span> 
     </span>
     <span class='ocr_line' id='line_1_40' title="bbox 286 3954 1079 4028; baseline 0 -18"><span class='ocrx_word' id='word_1_520' title='bbox 286 3954 366 4022; x_wconf 85' lang='lat' dir='ltr'><strong>mini,</strong></span> <span class='ocrx_word' id='word_1_521' title='bbox 392 3956 419 4011; x_wconf 92' lang='lat' dir='ltr'><strong>id</strong></span> <span class='ocrx_word' id='word_1_522' title='bbox 443 3964 486 4012; x_wconf 91' lang='lat' dir='ltr'><strong>est</strong></span> <span class='ocrx_word' id='word_1_523' title='bbox 506 3954 596 4012; x_wconf 83' lang='lat' dir='ltr'><strong>Patris</strong></span> <span class='ocrx_word' id='word_1_524' title='bbox 611 3959 665 4022; x_wconf 89' lang='lat' dir='ltr'><strong>sui,</strong></span> <span class='ocrx_word' id='word_1_525' title='bbox 680 3958 810 4028; x_wconf 88' lang='lat' dir='ltr'><strong>quoniam</strong></span> <span class='ocrx_word' id='word_1_526' title='bbox 831 3956 917 4011; x_wconf 83' lang='lat' dir='ltr'><strong>Filius</strong></span> <span class='ocrx_word' id='word_1_527' title='bbox 945 3955 978 4010; x_wconf 91' lang='lat' dir='ltr'><strong>dc</strong></span> <span class='ocrx_word' id='word_1_528' title='bbox 999 3954 1079 4010; x_wconf 89' lang='lat' dir='ltr'><strong>Patre</strong></span> 
     </span>
     <span class='ocr_line' id='line_1_41' title="bbox 286 4046 1079 4120; baseline -0.004 -16"><span class='ocrx_word' id='word_1_529' title='bbox 286 4049 401 4120; x_wconf 78' lang='lat' dir='ltr'><strong>suscipit</strong></span> <span class='ocrx_word' id='word_1_530' title='bbox 412 4064 522 4116; x_wconf 84' lang='lat' dir='ltr'><strong>nontcn,</strong></span> <span class='ocrx_word' id='word_1_531' title='bbox 534 4058 562 4105; x_wconf 91' lang='lat' dir='ltr'><strong>et</strong></span> <span class='ocrx_word' id='word_1_532' title='bbox 575 4048 653 4104; x_wconf 81' lang='lat' dir='ltr'><strong>Pater</strong></span> <span class='ocrx_word' id='word_1_533' title='bbox 666 4050 699 4105; x_wconf 90' lang='lat' dir='ltr'><strong>de</strong></span> <span class='ocrx_word' id='word_1_534' title='bbox 710 4050 789 4104; x_wconf 80' lang='lat' dir='ltr'><strong>Filio,</strong></span> <span class='ocrx_word' id='word_1_535' title='bbox 805 4049 962 4105; x_wconf 88' lang='lat' dir='ltr'><strong>Benedictio</strong></span> <span class='ocrx_word' id='word_1_536' title='bbox 975 4062 1037 4117; x_wconf 74' lang='lat' dir='ltr'><strong>quae</strong></span> <span class='ocrx_word' id='word_1_537' title='bbox 1049 4046 1079 4102; x_wconf 91' lang='lat' dir='ltr'><strong>lit</strong></span> 
     </span>
     <span class='ocr_line' id='line_1_42' title="bbox 285 4140 1079 4209; baseline -0.003 -13"><span class='ocrx_word' id='word_1_538' title='bbox 285 4140 315 4196; x_wconf 94' lang='lat' dir='ltr'><strong>in</strong></span> <span class='ocrx_word' id='word_1_539' title='bbox 331 4140 385 4197; x_wconf 86' lang='lat' dir='ltr'><strong>ileo</strong></span> <span class='ocrx_word' id='word_1_540' title='bbox 402 4143 539 4198; x_wconf 78' lang='lat' dir='ltr'><strong>confessio</strong></span> <span class='ocrx_word' id='word_1_541' title='bbox 557 4143 615 4197; x_wconf 89' lang='lat' dir='ltr'><strong>sola</strong></span> <span class='ocrx_word' id='word_1_542' title='bbox 630 4153 672 4198; x_wconf 91' lang='lat' dir='ltr'><strong>est</strong></span> <span class='ocrx_word' id='word_1_543' title='bbox 690 4152 716 4197; x_wconf 92' lang='lat' dir='ltr'><strong>ct</strong></span> <span class='ocrx_word' id='word_1_544' title='bbox 728 4143 848 4197; x_wconf 89' lang='lat' dir='ltr'><strong>laudatio</strong></span> <span class='ocrx_word' id='word_1_545' title='bbox 871 4144 1004 4198; x_wconf 91' lang='lat' dir='ltr'><strong>bonorum</strong></span> <span class='ocrx_word' id='word_1_546' title='bbox 1017 4154 1079 4209; x_wconf 83' lang='lat' dir='ltr'><strong>quae</strong></span> 
     </span>
     <span class='ocr_line' id='line_1_43' title="bbox 285 4230 1078 4304; baseline 0.001 -19"><span class='ocrx_word' id='word_1_547' title='bbox 285 4232 405 4303; x_wconf 69' lang='lat' dir='ltr'><strong>praestita</strong></span> <span class='ocrx_word' id='word_1_548' title='bbox 426 4242 468 4289; x_wconf 91' lang='lat' dir='ltr'><strong>est</strong></span> <span class='ocrx_word' id='word_1_549' title='bbox 491 4235 525 4287; x_wconf 92' lang='lat' dir='ltr'><strong>nb</strong></span> <span class='ocrx_word' id='word_1_550' title='bbox 539 4250 581 4288; x_wconf 93' lang='lat' dir='ltr'><strong>eo.</strong></span> <span class='ocrx_word' id='word_1_551' title='bbox 606 4232 764 4288; x_wconf 87' lang='lat' dir='ltr'><strong>Benedictio</strong></span> <span class='ocrx_word' id='word_1_552' title='bbox 780 4251 845 4290; x_wconf 83' lang='lat' dir='ltr'><strong>rcro</strong></span> <span class='ocrx_word' id='word_1_553' title='bbox 858 4249 919 4304; x_wconf 75' lang='lat' dir='ltr'><strong>que</strong></span> <span class='ocrx_word' id='word_1_554' title='bbox 940 4234 1001 4288; x_wconf 90' lang='lat' dir='ltr'><strong>lita</strong></span> <span class='ocrx_word' id='word_1_555' title='bbox 1021 4230 1078 4286; x_wconf 87' lang='lat' dir='ltr'><strong>Bco</strong></span> 
     </span>
     <span class='ocr_line' id='line_1_44' title="bbox 285 4326 1073 4399; baseline -0.004 -15"><span class='ocrx_word' id='word_1_556' title='bbox 285 4328 312 4384; x_wconf 92' lang='lat' dir='ltr'><strong>iu</strong></span> <span class='ocrx_word' id='word_1_557' title='bbox 330 4328 409 4383; x_wconf 91' lang='lat' dir='ltr'><strong>nohis</strong></span> <span class='ocrx_word' id='word_1_558' title='bbox 436 4329 575 4399; x_wconf 87' lang='lat' dir='ltr'><strong>impletur,</strong></span> <span class='ocrx_word' id='word_1_559' title='bbox 588 4328 654 4382; x_wconf 92' lang='lat' dir='ltr'><strong>dum</strong></span> <span class='ocrx_word' id='word_1_560' title='bbox 675 4326 735 4399; x_wconf 89' lang='lat' dir='ltr'><strong>ejus</strong></span> <span class='ocrx_word' id='word_1_561' title='bbox 759 4328 900 4384; x_wconf 82' lang='lat' dir='ltr'><strong>beneficiis</strong></span> <span class='ocrx_word' id='word_1_562' title='bbox 913 4326 1073 4399; x_wconf 89' lang='lat' dir='ltr'><strong>implemur.</strong></span> 
     </span>
    </p>
   </div>
   <div class='ocr_carea' id='block_1_4' title="bbox 1129 3398 1966 4380">
    <p class='ocr_par' dir='ltr' id='par_1_6' title="bbox 1129 3398 1966 4380">
     <span class='ocr_line' id='line_1_45' title="bbox 1136 3398 1966 3478; baseline -0.01 -17"><span class='ocrx_word' id='word_1_563' title='bbox 1136 3404 1292 3478; x_wconf 74' lang='lat' dir='ltr'><strong>diligentius</strong></span> <span class='ocrx_word' id='word_1_564' title='bbox 1308 3406 1448 3461; x_wconf 86' lang='lat' dir='ltr'><strong>clucidans</strong></span> <span class='ocrx_word' id='word_1_565' title='bbox 1463 3406 1498 3459; x_wconf 91' lang='lat' dir='ltr'><strong>ita</strong></span> <span class='ocrx_word' id='word_1_566' title='bbox 1520 3404 1661 3459; x_wconf 82' lang='lat' dir='ltr'><strong>transtulit</strong></span> <span class='ocrx_word' id='word_1_567' title='bbox 1676 3424 1683 3457; x_wconf 89' lang='lat'>:</span> <span class='ocrx_word' id='word_1_568' title='bbox 1701 3424 1710 3455; x_wconf 83' lang='lat' dir='ltr'><strong>r</strong></span> <span class='ocrx_word' id='word_1_569' title='bbox 1724 3402 1838 3463; x_wconf 83' lang='lat' dir='ltr'><strong>Obsecro,</strong></span> <span class='ocrx_word' id='word_1_570' title='bbox 1853 3398 1903 3453; x_wconf 86' lang='lat' dir='ltr'><strong>llo·</strong></span> <span class='ocrx_word' id='word_1_571' title='bbox 1965 3462 1966 3467; x_wconf 7' lang='grc' dir='ltr'>ἵ</span> 
     </span>
     <span class='ocr_line' id='line_1_46' title="bbox 1135 3494 1966 3567; baseline -0.012 -14"><span class='ocrx_word' id='word_1_572' title='bbox 1135 3500 1219 3563; x_wconf 88' lang='lat' dir='ltr'><strong>mine,</strong></span> <span class='ocrx_word' id='word_1_573' title='bbox 1238 3499 1326 3563; x_wconf 80' lang='lat' dir='ltr'><strong>salta,</strong></span> <span class='ocrx_word' id='word_1_574' title='bbox 1344 3500 1469 3552; x_wconf 88' lang='lat' dir='ltr'><strong>obscero.</strong></span> <span class='ocrx_word' id='word_1_575' title='bbox 1490 3517 1499 3549; x_wconf 83' lang='grc' dir='ltr'><strong>ι</strong></span> <span class='ocrx_word' id='word_1_576' title='bbox 1518 3495 1591 3552; x_wconf 87' lang='lat' dir='ltr'><strong>ldem</strong></span> <span class='ocrx_word' id='word_1_577' title='bbox 1609 3511 1727 3567; x_wconf 87' lang='lat' dir='ltr'><strong>namque</strong></span> <span class='ocrx_word' id='word_1_578' title='bbox 1745 3494 1904 3565; x_wconf 73' lang='lat' dir='ltr'><strong>significato</strong></span> <span class='ocrx_word' id='word_1_579' title='bbox 1965 3516 1966 3523; x_wconf 40' lang='grc' dir='ltr'>ι</span> 
     </span>
     <span class='ocr_line' id='line_1_47' title="bbox 1135 3581 1966 3659; baseline -0.014 -16"><span class='ocrx_word' id='word_1_580' title='bbox 1135 3590 1259 3655; x_wconf 84' lang='lat' dir='ltr'><strong>Borrine,</strong></span> <span class='ocrx_word' id='word_1_581' title='bbox 1273 3604 1321 3659; x_wconf 92' lang='lat' dir='ltr'><strong>per</strong></span> <span class='ocrx_word' id='word_1_582' title='bbox 1336 3588 1550 3657; x_wconf 81' lang='lat' dir='ltr'><strong>interjectionem</strong></span> <span class='ocrx_word' id='word_1_583' title='bbox 1570 3588 1755 3651; x_wconf 82' lang='lat' dir='ltr'><strong>obsecrantis,</strong></span> <span class='ocrx_word' id='word_1_584' title='bbox 1779 3584 1843 3655; x_wconf 92' lang='lat' dir='ltr'><strong>quod</strong></span> <span class='ocrx_word' id='word_1_585' title='bbox 1862 3581 1907 3635; x_wconf 91' lang='lat' dir='ltr'><strong>ob·</strong></span> <span class='ocrx_word' id='word_1_586' title='bbox 1965 3616 1966 3631; x_wconf 46' lang='grc' dir='ltr'><strong>ι</strong></span> 
     </span>
     <span class='ocr_line' id='line_1_48' title="bbox 1134 3675 1906 3750; baseline -0.01 -14"><span class='ocrx_word' id='word_1_587' title='bbox 1134 3696 1213 3736; x_wconf 86' lang='lat' dir='ltr'><strong>sucro</strong></span> <span class='ocrx_word' id='word_1_588' title='bbox 1237 3679 1350 3735; x_wconf 79' lang='lat' dir='ltr'><strong>borthne</strong></span> <span class='ocrx_word' id='word_1_589' title='bbox 1376 3695 1424 3750; x_wconf 91' lang='lat' dir='ltr'><strong>per</strong></span> <span class='ocrx_word' id='word_1_590' title='bbox 1452 3680 1541 3749; x_wconf 89' lang='lat' dir='ltr'><strong>ipsum</strong></span> <span class='ocrx_word' id='word_1_591' title='bbox 1563 3680 1678 3734; x_wconf 76' lang='lat' dir='ltr'><strong>terbum</strong></span> <span class='ocrx_word' id='word_1_592' title='bbox 1715 3675 1906 3734; x_wconf 87' lang='lat' dir='ltr'><strong>obsecrationis.</strong></span> 
     </span>
     <span class='ocr_line' id='line_1_49' title="bbox 1133 3770 1907 3842; baseline -0.01 -17"><span class='ocrx_word' id='word_1_593' title='bbox 1133 3770 1261 3827; x_wconf 87' lang='lat' dir='ltr'><strong>llosarma</strong></span> <span class='ocrx_word' id='word_1_594' title='bbox 1275 3772 1366 3842; x_wconf 87' lang='lat' dir='ltr'><strong>ltaque</strong></span> <span class='ocrx_word' id='word_1_595' title='bbox 1379 3771 1465 3837; x_wconf 84' lang='lat' dir='ltr'><strong>salta,</strong></span> <span class='ocrx_word' id='word_1_596' title='bbox 1480 3772 1592 3826; x_wconf 87' lang='lat' dir='ltr'><strong>obsecro</strong></span> <span class='ocrx_word' id='word_1_597' title='bbox 1607 3771 1756 3842; x_wconf 81' lang='lat' dir='ltr'><strong>significat,</strong></span> <span class='ocrx_word' id='word_1_598' title='bbox 1767 3775 1907 3836; x_wconf 86' lang='lat' dir='ltr'><strong>consumpta</strong></span> 
     </span>
     <span class='ocr_line' id='line_1_50' title="bbox 1132 3862 1966 3937; baseline -0.004 -20"><span class='ocrx_word' id='word_1_599' title='bbox 1132 3864 1234 3927; x_wconf 83' lang='lat' dir='ltr'><strong>vocali,</strong></span> <span class='ocrx_word' id='word_1_600' title='bbox 1252 3880 1313 3934; x_wconf 82' lang='lat' dir='ltr'><strong>qum</strong></span> <span class='ocrx_word' id='word_1_601' title='bbox 1334 3862 1445 3918; x_wconf 78' lang='lat' dir='ltr'><strong>uerbum</strong></span> <span class='ocrx_word' id='word_1_602' title='bbox 1463 3864 1627 3918; x_wconf 88' lang='lat' dir='ltr'><strong>antecedens</strong></span> <span class='ocrx_word' id='word_1_603' title='bbox 1639 3864 1772 3917; x_wconf 85' lang='lat' dir='ltr'><strong>terurinat</strong></span> <span class='ocrx_word' id='word_1_604' title='bbox 1786 3876 1842 3916; x_wconf 87' lang='lat' dir='ltr'><strong>euru</strong></span> <span class='ocrx_word' id='word_1_605' title='bbox 1859 3874 1909 3928; x_wconf 85' lang='lat' dir='ltr'><strong>pet·</strong></span> <span class='ocrx_word' id='word_1_606' title='bbox 1965 3872 1966 3937; x_wconf 52' lang='lat'>3</span> 
     </span>
     <span class='ocr_line' id='line_1_51' title="bbox 1132 3949 1908 4025; baseline -0.004 -19"><span class='ocrx_word' id='word_1_607' title='bbox 1132 3949 1202 4007; x_wconf 83' lang='lat' dir='ltr'><strong>lecte</strong></span> <span class='ocrx_word' id='word_1_608' title='bbox 1213 3952 1313 4025; x_wconf 75' lang='lat' dir='ltr'><strong>dicitur</strong></span> <span class='ocrx_word' id='word_1_609' title='bbox 1327 3954 1396 4009; x_wconf 89' lang='lat' dir='ltr'><strong>bosi.</strong></span> <span class='ocrx_word' id='word_1_610' title='bbox 1409 3953 1487 4019; x_wconf 77' lang='lat' dir='ltr'><strong>Quod</strong></span> <span class='ocrx_word' id='word_1_611' title='bbox 1504 3953 1608 4007; x_wconf 90' lang='lat' dir='ltr'><strong>ruetrici</strong></span> <span class='ocrx_word' id='word_1_612' title='bbox 1625 3953 1793 4009; x_wconf 83' lang='lat' dir='ltr'><strong>scandendis</strong></span> <span class='ocrx_word' id='word_1_613' title='bbox 1804 3950 1908 4005; x_wconf 77' lang='lat' dir='ltr'><strong>uersibus</strong></span> 
     </span>
     <span class='ocr_line' id='line_1_52' title="bbox 1132 4042 1966 4119; baseline -0.005 -20"><span class='ocrx_word' id='word_1_614' title='bbox 1132 4042 1321 4117; x_wconf 84' lang='lat' dir='ltr'><strong>synalinpham</strong></span> <span class='ocrx_word' id='word_1_615' title='bbox 1349 4052 1465 4110; x_wconf 85' lang='lat' dir='ltr'><strong>vocant,</strong></span> <span class='ocrx_word' id='word_1_616' title='bbox 1492 4046 1619 4115; x_wconf 84' lang='lat' dir='ltr'><strong>quamvis</strong></span> <span class='ocrx_word' id='word_1_617' title='bbox 1653 4045 1790 4115; x_wconf 86' lang='lat' dir='ltr'><strong>scriptam</strong></span> <span class='ocrx_word' id='word_1_618' title='bbox 1810 4044 1909 4099; x_wconf 81' lang='lat' dir='ltr'><strong>litterae</strong></span> <span class='ocrx_word' id='word_1_619' title='bbox 1965 4058 1966 4119; x_wconf 48' lang='grc' dir='ltr'><strong>ι</strong></span> 
     </span>
     <span class='ocr_line' id='line_1_53' title="bbox 1131 4135 1908 4203; baseline -0.007 -11"><span class='ocrx_word' id='word_1_620' title='bbox 1131 4137 1294 4193; x_wconf 89' lang='lat' dir='ltr'><strong>scandentes</strong></span> <span class='ocrx_word' id='word_1_621' title='bbox 1306 4136 1469 4191; x_wconf 87' lang='lat' dir='ltr'><strong>transiliant.</strong></span> <span class='ocrx_word' id='word_1_622' title='bbox 1482 4136 1511 4191; x_wconf 94' lang='lat' dir='ltr'><strong>ln</strong></span> <span class='ocrx_word' id='word_1_623' title='bbox 1526 4138 1577 4192; x_wconf 91' lang='lat' dir='ltr'><strong>hoc</strong></span> <span class='ocrx_word' id='word_1_624' title='bbox 1589 4144 1680 4203; x_wconf 76' lang='lat' dir='ltr'><strong>atatem</strong></span> <span class='ocrx_word' id='word_1_625' title='bbox 1691 4140 1779 4193; x_wconf 85' lang='lat' dir='ltr'><strong>rerbo</strong></span> <span class='ocrx_word' id='word_1_626' title='bbox 1789 4135 1908 4195; x_wconf 77' lang='lat' dir='ltr'><strong>hosanna.</strong></span> 
     </span>
     <span class='ocr_line' id='line_1_54' title="bbox 1129 4226 1911 4302; baseline -0.006 -18"><span class='ocrx_word' id='word_1_627' title='bbox 1129 4230 1219 4285; x_wconf 87' lang='lat' dir='ltr'><strong>littera</strong></span> <span class='ocrx_word' id='word_1_628' title='bbox 1241 4244 1296 4283; x_wconf 93' lang='lat' dir='ltr'><strong>non</strong></span> <span class='ocrx_word' id='word_1_629' title='bbox 1313 4230 1457 4296; x_wconf 87' lang='lat' dir='ltr'><strong>scribitur,</strong></span> <span class='ocrx_word' id='word_1_630' title='bbox 1485 4226 1533 4287; x_wconf 87' lang='lat' dir='ltr'><strong>se&#39;d</strong></span> <span class='ocrx_word' id='word_1_631' title='bbox 1559 4246 1643 4287; x_wconf 87' lang='lat' dir='ltr'><strong>sensu</strong></span> <span class='ocrx_word' id='word_1_632' title='bbox 1658 4232 1835 4302; x_wconf 89' lang='lat' dir='ltr'><strong>loquentium</strong></span> <span class='ocrx_word' id='word_1_633' title='bbox 1851 4228 1911 4283; x_wconf 84' lang='lat' dir='ltr'><strong>salro</strong></span> 
     </span>
     <span class='ocr_line' id='line_1_55' title="bbox 1130 4321 1465 4380; baseline -0.006 -1"><span class='ocrx_word' id='word_1_634' title='bbox 1130 4322 1253 4379; x_wconf 78' lang='lat' dir='ltr'><strong>funditus</strong></span> <span class='ocrx_word' id='word_1_635' title='bbox 1266 4321 1465 4380; x_wconf 90' lang='lat' dir='ltr'><strong>intermittitur.</strong></span> 
     </span>
    </p>
   </div>
   <div class='ocr_carea' id='block_1_5' title="bbox 1086 4446 1121 4461">
    <p class='ocr_par' dir='ltr' id='par_1_7' title="bbox 1086 4446 1121 4461">
     <span class='ocr_line' id='line_1_56' title="bbox 1086 4446 1121 4461; baseline 0 0"><span class='ocrx_word' id='word_1_636' title='bbox 1086 4446 1121 4461; x_wconf 48' lang='lat' dir='ltr'>Q</span> 
     </span>
    </p>
   </div>
   <div class='ocr_carea' id='block_1_6' title="bbox 805 4590 1392 4685">
    <p class='ocr_par' dir='ltr' id='par_1_8' title="bbox 805 4590 1392 4685">
     <span class='ocr_line' id='line_1_57' title="bbox 805 4590 1392 4685; baseline -0.007 -4"><span class='ocrx_word' id='word_1_637' title='bbox 805 4593 869 4684; x_wconf 88' lang='lat' dir='ltr'><strong>IN</strong></span> <span class='ocrx_word' id='word_1_638' title='bbox 907 4594 1008 4685; x_wconf 84' lang='lat' dir='ltr'><strong>DIE</strong></span> <span class='ocrx_word' id='word_1_639' title='bbox 1044 4590 1392 4685; x_wconf 85' lang='lat' dir='ltr'><strong>PhLMhRUlll.</strong></span> 
     </span>
    </p>
   </div>
   <div class='ocr_carea' id='block_1_7' title="bbox 282 4774 1919 5320">
    <p class='ocr_par' dir='ltr' id='par_1_9' title="bbox 282 4774 1919 5320">
     <span class='ocr_line' id='line_1_58' title="bbox 322 4774 1915 4854; baseline -0.004 -17"><span class='ocrx_word' id='word_1_640' title='bbox 322 4804 331 4837; x_wconf 80' lang='grc' dir='ltr'><strong>ι</strong></span> <span class='ocrx_word' id='word_1_641' title='bbox 348 4784 434 4840; x_wconf 86' lang='lat' dir='ltr'><strong>Dicite</strong></span> <span class='ocrx_word' id='word_1_642' title='bbox 448 4782 509 4839; x_wconf 72' lang='lat' dir='ltr'><strong>tiliae</strong></span> <span class='ocrx_word' id='word_1_643' title='bbox 525 4782 589 4838; x_wconf 87' lang='lat' dir='ltr'><strong>Sion</strong></span> <span class='ocrx_word' id='word_1_644' title='bbox 605 4782 693 4841; x_wconf 83' lang='lat' dir='ltr'><strong>:Ecce</strong></span> <span class='ocrx_word' id='word_1_645' title='bbox 704 4785 761 4841; x_wconf 82' lang='lat' dir='ltr'><strong>Rex</strong></span> <span class='ocrx_word' id='word_1_646' title='bbox 773 4794 837 4841; x_wconf 92' lang='lat' dir='ltr'><strong>tuus</strong></span> <span class='ocrx_word' id='word_1_647' title='bbox 851 4787 925 4841; x_wconf 86' lang='lat' dir='ltr'><strong>renit</strong></span> <span class='ocrx_word' id='word_1_648' title='bbox 936 4786 984 4841; x_wconf 89' lang='lat' dir='ltr'><strong>tibi</strong></span> <span class='ocrx_word' id='word_1_649' title='bbox 997 4802 1075 4843; x_wconf 89' lang='lat' dir='ltr'><strong>man·</strong></span> <span class='ocrx_word' id='word_1_650' title='bbox 1091 4784 1201 4842; x_wconf 85' lang='lat' dir='ltr'><strong>lidlcat</strong></span> <span class='ocrx_word' id='word_1_651' title='bbox 1215 4780 1375 4854; x_wconf 72' lang='lat' dir='ltr'><strong>subjungit:</strong></span> <span class='ocrx_word' id='word_1_652' title='bbox 1396 4798 1407 4832; x_wconf 79' lang='grc' dir='ltr'><strong>ι</strong></span> <span class='ocrx_word' id='word_1_653' title='bbox 1423 4777 1494 4833; x_wconf 83' lang='lat' dir='ltr'><strong>Ecce</strong></span> <span class='ocrx_word' id='word_1_654' title='bbox 1518 4793 1566 4833; x_wconf 83' lang='lat' dir='ltr'><strong>rex</strong></span> <span class='ocrx_word' id='word_1_655' title='bbox 1592 4784 1658 4834; x_wconf 89' lang='lat' dir='ltr'><strong>tuus</strong></span> <span class='ocrx_word' id='word_1_656' title='bbox 1678 4779 1773 4835; x_wconf 84' lang='lat' dir='ltr'><strong>renit.</strong></span> <span class='ocrx_word' id='word_1_657' title='bbox 1791 4798 1801 4830; x_wconf 85' lang='grc' dir='ltr'><strong>ι</strong></span> <span class='ocrx_word' id='word_1_658' title='bbox 1829 4774 1915 4833; x_wconf 86' lang='lat' dir='ltr'><strong>huces·</strong></span> 
     </span>
     <span class='ocr_line' id='line_1_59' title="bbox 284 4876 1914 4950; baseline 0.004 -21"><span class='ocrx_word' id='word_1_659' title='bbox 284 4886 388 4939; x_wconf 87' lang='lat' dir='ltr'><strong>suctus,</strong></span> <span class='ocrx_word' id='word_1_660' title='bbox 403 4876 501 4931; x_wconf 90' lang='lat' dir='ltr'><strong>sedens</strong></span> <span class='ocrx_word' id='word_1_661' title='bbox 517 4878 718 4945; x_wconf 88' lang='lat' dir='ltr'><strong>snperasinam</strong></span> <span class='ocrx_word' id='word_1_662' title='bbox 740 4887 766 4932; x_wconf 90' lang='lat' dir='ltr'><strong>et</strong></span> <span class='ocrx_word' id='word_1_663' title='bbox 781 4878 884 4947; x_wconf 95' lang='lat' dir='ltr'><strong>pullum</strong></span> <span class='ocrx_word' id='word_1_664' title='bbox 906 4879 1076 4950; x_wconf 78' lang='lat' dir='ltr'><strong>subjugalem</strong></span> <span class='ocrx_word' id='word_1_665' title='bbox 1128 4887 1202 4934; x_wconf 87' lang='lat' dir='ltr'><strong>serat</strong></span> <span class='ocrx_word' id='word_1_666' title='bbox 1225 4877 1357 4933; x_wconf 85' lang='lat' dir='ltr'><strong>Dominus</strong></span> <span class='ocrx_word' id='word_1_667' title='bbox 1380 4891 1428 4947; x_wconf 90' lang='lat' dir='ltr'><strong>per</strong></span> <span class='ocrx_word' id='word_1_668' title='bbox 1445 4885 1585 4947; x_wconf 85' lang='lat' dir='ltr'><strong>peccatum</strong></span> <span class='ocrx_word' id='word_1_669' title='bbox 1604 4876 1640 4931; x_wconf 90' lang='lat' dir='ltr'><strong>ab</strong></span> <span class='ocrx_word' id='word_1_670' title='bbox 1665 4876 1797 4932; x_wconf 85' lang='lat' dir='ltr'><strong>bunrano</strong></span> <span class='ocrx_word' id='word_1_671' title='bbox 1821 4888 1914 4947; x_wconf 68' lang='lat' dir='ltr'><strong>geneth</strong></span> 
     </span>
     <span class='ocr_line' id='line_1_60' title="bbox 283 4966 1916 5043; baseline 0.003 -24"><span class='ocrx_word' id='word_1_672' title='bbox 283 4966 409 5038; x_wconf 78' lang='lat' dir='ltr'><strong>(Zaclrar.</strong></span> <span class='ocrx_word' id='word_1_673' title='bbox 421 4970 471 5037; x_wconf 80' lang='lat' dir='ltr'><strong>rx).</strong></span> <span class='ocrx_word' id='word_1_674' title='bbox 483 4968 594 5023; x_wconf 82' lang='lat' dir='ltr'><strong>dinudat</strong></span> <span class='ocrx_word' id='word_1_675' title='bbox 606 4970 683 5024; x_wconf 85' lang='lat' dir='ltr'><strong>robis</strong></span> <span class='ocrx_word' id='word_1_676' title='bbox 698 4986 744 5024; x_wconf 79' lang='grc' dir='ltr'><strong>ιιι</strong></span> <span class='ocrx_word' id='word_1_677' title='bbox 760 4969 889 5036; x_wconf 71' lang='lat' dir='ltr'><strong>coelestis,</strong></span> <span class='ocrx_word' id='word_1_678' title='bbox 903 4968 1001 5026; x_wconf 86' lang='lat' dir='ltr'><strong>hatrcs</strong></span> <span class='ocrx_word' id='word_1_679' title='bbox 1013 4972 1078 5026; x_wconf 90' lang='lat' dir='ltr'><strong>cha·</strong></span> <span class='ocrx_word' id='word_1_680' title='bbox 1128 4972 1175 5043; x_wconf 90' lang='lat' dir='ltr'><strong>qui</strong></span> <span class='ocrx_word' id='word_1_681' title='bbox 1199 4971 1340 5041; x_wconf 81' lang='lat' dir='ltr'><strong>proximus</strong></span> <span class='ocrx_word' id='word_1_682' title='bbox 1360 4972 1384 5025; x_wconf 85' lang='lat' dir='ltr'><strong>ei</strong></span> <span class='ocrx_word' id='word_1_683' title='bbox 1406 4969 1495 5025; x_wconf 84' lang='lat' dir='ltr'><strong>irrorat</strong></span> <span class='ocrx_word' id='word_1_684' title='bbox 1517 4970 1718 5025; x_wconf 82' lang='lat' dir='ltr'><strong>rationabiliter</strong></span> <span class='ocrx_word' id='word_1_685' title='bbox 1732 4970 1851 5027; x_wconf 79' lang='lat' dir='ltr'><strong>virenti.</strong></span> <span class='ocrx_word' id='word_1_686' title='bbox 1873 4966 1916 5023; x_wconf 72' lang='lat' dir='ltr'><strong>bal</strong></span> 
     </span>
     <span class='ocr_line' id='line_1_61' title="bbox 282 5056 1917 5135; baseline 0.006 -26"><span class='ocrx_word' id='word_1_687' title='bbox 282 5056 396 5121; x_wconf 88' lang='lat' dir='ltr'><strong>rissimi,</strong></span> <span class='ocrx_word' id='word_1_688' title='bbox 412 5073 460 5127; x_wconf 84' lang='lat' dir='ltr'><strong>per</strong></span> <span class='ocrx_word' id='word_1_689' title='bbox 484 5060 643 5127; x_wconf 88' lang='lat' dir='ltr'><strong>prophetam</strong></span> <span class='ocrx_word' id='word_1_690' title='bbox 671 5056 845 5124; x_wconf 85' lang='lat' dir='ltr'><strong>chlrariam,</strong></span> <span class='ocrx_word' id='word_1_691' title='bbox 872 5058 1003 5131; x_wconf 81' lang='lat' dir='ltr'><strong>gaudium</strong></span> <span class='ocrx_word' id='word_1_692' title='bbox 1033 5060 1077 5117; x_wconf 91' lang='lat' dir='ltr'><strong>sui</strong></span> <span class='ocrx_word' id='word_1_693' title='bbox 1128 5066 1175 5135; x_wconf 92' lang='lat' dir='ltr'><strong>qui</strong></span> <span class='ocrx_word' id='word_1_694' title='bbox 1202 5073 1352 5121; x_wconf 82' lang='lat' dir='ltr'><strong>recesserat</strong></span> <span class='ocrx_word' id='word_1_695' title='bbox 1373 5079 1421 5133; x_wconf 91' lang='lat' dir='ltr'><strong>per</strong></span> <span class='ocrx_word' id='word_1_696' title='bbox 1443 5062 1606 5132; x_wconf 82' lang='lat' dir='ltr'><strong>injustitiam</strong></span> <span class='ocrx_word' id='word_1_697' title='bbox 1631 5072 1779 5132; x_wconf 87' lang='lat' dir='ltr'><strong>trostram,</strong></span> <span class='ocrx_word' id='word_1_698' title='bbox 1794 5066 1917 5131; x_wconf 79' lang='lat' dir='ltr'><strong>renitptt</strong></span> 
     </span>
     <span class='ocr_line' id='line_1_62' title="bbox 282 5147 1917 5221; baseline 0.002 -18"><span class='ocrx_word' id='word_1_699' title='bbox 282 5148 427 5203; x_wconf 78' lang='lat' dir='ltr'><strong>aelrentus.</strong></span> <span class='ocrx_word' id='word_1_700' title='bbox 451 5147 530 5203; x_wconf 91' lang='lat' dir='ltr'><strong>l&#39;emt</strong></span> <span class='ocrx_word' id='word_1_701' title='bbox 544 5150 577 5203; x_wconf 94' lang='lat' dir='ltr'><strong>ad</strong></span> <span class='ocrx_word' id='word_1_702' title='bbox 590 5151 838 5205; x_wconf 82' lang='lat' dir='ltr'><strong>reconciliationem</strong></span> <span class='ocrx_word' id='word_1_703' title='bbox 866 5148 1009 5217; x_wconf 83' lang='lat' dir='ltr'><strong>Dominus,</strong></span> <span class='ocrx_word' id='word_1_704' title='bbox 1029 5152 1076 5221; x_wconf 87' lang='lat' dir='ltr'><strong>qui</strong></span> <span class='ocrx_word' id='word_1_705' title='bbox 1127 5155 1344 5212; x_wconf 89' lang='lat' dir='ltr'><strong>misericordiam</strong></span> <span class='ocrx_word' id='word_1_706' title='bbox 1359 5170 1448 5210; x_wconf 87' lang='lat' dir='ltr'><strong>suam.</strong></span> <span class='ocrx_word' id='word_1_707' title='bbox 1462 5154 1514 5209; x_wconf 84' lang='lat' dir='ltr'><strong>Per</strong></span> <span class='ocrx_word' id='word_1_708' title='bbox 1527 5156 1714 5211; x_wconf 81' lang='lat' dir='ltr'><strong>uisceraerrim</strong></span> <span class='ocrx_word' id='word_1_709' title='bbox 1726 5156 1917 5213; x_wconf 72' lang='lat' dir='ltr'><strong>misericordiae</strong></span> 
     </span>
     <span class='ocr_line' id='line_1_63' title="bbox 282 5242 1919 5320; baseline 0 -25"><span class='ocrx_word' id='word_1_710' title='bbox 282 5256 315 5295; x_wconf 82' lang='lat' dir='ltr'><strong>ex</strong></span> <span class='ocrx_word' id='word_1_711' title='bbox 340 5250 452 5311; x_wconf 88' lang='lat' dir='ltr'><strong>peccato</strong></span> <span class='ocrx_word' id='word_1_712' title='bbox 482 5242 563 5311; x_wconf 91' lang='lat' dir='ltr'><strong>primi</strong></span> <span class='ocrx_word' id='word_1_713' title='bbox 591 5243 712 5311; x_wconf 90' lang='lat' dir='ltr'><strong>parentis</strong></span> <span class='ocrx_word' id='word_1_714' title='bbox 737 5242 815 5298; x_wconf 88' lang='lat' dir='ltr'><strong>vobis</strong></span> <span class='ocrx_word' id='word_1_715' title='bbox 845 5242 933 5297; x_wconf 88' lang='lat' dir='ltr'><strong>lucrat</strong></span> <span class='ocrx_word' id='word_1_716' title='bbox 956 5242 1072 5299; x_wconf 86' lang='lat' dir='ltr'><strong>alienus.</strong></span> <span class='ocrx_word' id='word_1_717' title='bbox 1128 5247 1761 5320; x_wconf 81' lang='lat' dir='ltr'><strong>llei,risitavitnosoricusexalto(1.uc.1).</strong></span> <span class='ocrx_word' id='word_1_718' title='bbox 1788 5246 1919 5304; x_wconf 88' lang='lat' dir='ltr'><strong>inclinarit</strong></span> 
     </span>
    </p>
   </div>
   <div class='ocr_carea' id='block_1_8' title="bbox 280 5331 1074 5871">
    <p class='ocr_par' dir='ltr' id='par_1_10' title="bbox 280 5331 1074 5871">
     <span class='ocr_line' id='line_1_64' title="bbox 281 5331 1069 5406; baseline 0.008 -22"><span class='ocrx_word' id='word_1_719' title='bbox 281 5331 316 5385; x_wconf 83' lang='lat' dir='ltr'><strong>Bt</strong></span> <span class='ocrx_word' id='word_1_720' title='bbox 330 5344 476 5402; x_wconf 88' lang='lat' dir='ltr'><strong>autequam</strong></span> <span class='ocrx_word' id='word_1_721' title='bbox 491 5334 604 5398; x_wconf 83' lang='lat' dir='ltr'><strong>reniret,</strong></span> <span class='ocrx_word' id='word_1_722' title='bbox 630 5333 760 5404; x_wconf 73' lang='lat' dir='ltr'><strong>praemisit</strong></span> <span class='ocrx_word' id='word_1_723' title='bbox 776 5336 890 5405; x_wconf 82' lang='lat' dir='ltr'><strong>legatos,</strong></span> <span class='ocrx_word' id='word_1_724' title='bbox 910 5336 1069 5406; x_wconf 87' lang='lat' dir='ltr'><strong>propbetas,</strong></span> 
     </span>
     <span class='ocr_line' id='line_1_65' title="bbox 281 5424 1073 5494; baseline 0.005 -15"><span class='ocrx_word' id='word_1_725' title='bbox 281 5424 462 5494; x_wconf 88' lang='lat' dir='ltr'><strong>patriarchas,</strong></span> <span class='ocrx_word' id='word_1_726' title='bbox 478 5426 572 5481; x_wconf 89' lang='lat' dir='ltr'><strong>dicens</strong></span> <span class='ocrx_word' id='word_1_727' title='bbox 582 5427 623 5482; x_wconf 91' lang='lat' dir='ltr'><strong>eis</strong></span> <span class='ocrx_word' id='word_1_728' title='bbox 637 5446 643 5481; x_wconf 94' lang='lat'>:</span> <span class='ocrx_word' id='word_1_729' title='bbox 660 5446 669 5479; x_wconf 83' lang='grc' dir='ltr'><strong>ι</strong></span> <span class='ocrx_word' id='word_1_730' title='bbox 687 5425 773 5483; x_wconf 84' lang='lat' dir='ltr'><strong>[licite</strong></span> <span class='ocrx_word' id='word_1_731' title='bbox 800 5427 861 5481; x_wconf 79' lang='lat' dir='ltr'><strong>hlia</strong></span> <span class='ocrx_word' id='word_1_732' title='bbox 881 5428 974 5492; x_wconf 79' lang='lat' dir='ltr'><strong>Sion,r</strong></span> <span class='ocrx_word' id='word_1_733' title='bbox 989 5428 1073 5483; x_wconf 87' lang='lat' dir='ltr'><strong>idest</strong></span> 
     </span>
     <span class='ocr_line' id='line_1_66' title="bbox 281 5517 1073 5587; baseline 0.005 -15"><span class='ocrx_word' id='word_1_734' title='bbox 281 5519 442 5574; x_wconf 89' lang='lat' dir='ltr'><strong>annuntiate</strong></span> <span class='ocrx_word' id='word_1_735' title='bbox 468 5518 597 5575; x_wconf 74' lang='lat' dir='ltr'><strong>Ecclesiae</strong></span> <span class='ocrx_word' id='word_1_736' title='bbox 621 5536 696 5575; x_wconf 79' lang='lat' dir='ltr'><strong>meae.</strong></span> <span class='ocrx_word' id='word_1_737' title='bbox 711 5517 799 5587; x_wconf 86' lang='lat' dir='ltr'><strong>Quam</strong></span> <span class='ocrx_word' id='word_1_738' title='bbox 813 5520 900 5574; x_wconf 90' lang='lat' dir='ltr'><strong>liliam</strong></span> <span class='ocrx_word' id='word_1_739' title='bbox 927 5518 994 5575; x_wconf 88' lang='lat' dir='ltr'><strong>Sion</strong></span> <span class='ocrx_word' id='word_1_740' title='bbox 1012 5520 1073 5576; x_wconf 93' lang='lat' dir='ltr'><strong>idco</strong></span> 
     </span>
     <span class='ocr_line' id='line_1_67' title="bbox 280 5612 1074 5684; baseline 0.005 -20"><span class='ocrx_word' id='word_1_741' title='bbox 280 5619 372 5678; x_wconf 79' lang='lat' dir='ltr'><strong>vocat,</strong></span> <span class='ocrx_word' id='word_1_742' title='bbox 384 5612 448 5681; x_wconf 92' lang='lat' dir='ltr'><strong>quia</strong></span> <span class='ocrx_word' id='word_1_743' title='bbox 464 5614 519 5667; x_wconf 90' lang='lat' dir='ltr'><strong>lilia</strong></span> <span class='ocrx_word' id='word_1_744' title='bbox 533 5614 728 5684; x_wconf 88' lang='lat' dir='ltr'><strong>speculationis</strong></span> <span class='ocrx_word' id='word_1_745' title='bbox 744 5623 771 5668; x_wconf 91' lang='lat' dir='ltr'><strong>et</strong></span> <span class='ocrx_word' id='word_1_746' title='bbox 784 5612 973 5669; x_wconf 87' lang='lat' dir='ltr'><strong>delectationis</strong></span> <span class='ocrx_word' id='word_1_747' title='bbox 992 5614 1074 5669; x_wconf 91' lang='lat' dir='ltr'><strong>debet</strong></span> 
     </span>
     <span class='ocr_line' id='line_1_68' title="bbox 282 5704 1074 5778; baseline 0.003 -19"><span class='ocrx_word' id='word_1_748' title='bbox 282 5717 352 5760; x_wconf 83' lang='lat' dir='ltr'><strong>esse.</strong></span> <span class='ocrx_word' id='word_1_749' title='bbox 369 5704 434 5761; x_wconf 85' lang='lat' dir='ltr'><strong>Sion</strong></span> <span class='ocrx_word' id='word_1_750' title='bbox 446 5707 519 5761; x_wconf 90' lang='lat' dir='ltr'><strong>enim</strong></span> <span class='ocrx_word' id='word_1_751' title='bbox 533 5706 676 5778; x_wconf 81' lang='lat' dir='ltr'><strong>speculatio</strong></span> <span class='ocrx_word' id='word_1_752' title='bbox 692 5708 904 5777; x_wconf 89' lang='lat' dir='ltr'><strong>interpretatur:</strong></span> <span class='ocrx_word' id='word_1_753' title='bbox 919 5722 1003 5778; x_wconf 82' lang='lat' dir='ltr'><strong>qurea</strong></span> <span class='ocrx_word' id='word_1_754' title='bbox 1018 5706 1074 5777; x_wconf 92' lang='lat' dir='ltr'><strong>spi·</strong></span> 
     </span>
     <span class='ocr_line' id='line_1_69' title="bbox 283 5794 1071 5871; baseline 0.01 -22"><span class='ocrx_word' id='word_1_755' title='bbox 283 5794 427 5855; x_wconf 80' lang='lat' dir='ltr'><strong>ritualibus</strong></span> <span class='ocrx_word' id='word_1_756' title='bbox 449 5798 576 5856; x_wconf 81' lang='lat' dir='ltr'><strong>laustibus</strong></span> <span class='ocrx_word' id='word_1_757' title='bbox 590 5800 669 5858; x_wconf 91' lang='lat' dir='ltr'><strong>debet</strong></span> <span class='ocrx_word' id='word_1_758' title='bbox 688 5800 740 5858; x_wconf 90' lang='lat' dir='ltr'><strong>sibi</strong></span> <span class='ocrx_word' id='word_1_759' title='bbox 767 5798 921 5871; x_wconf 72' lang='lat' dir='ltr'><strong>prouidere.</strong></span> <span class='ocrx_word' id='word_1_760' title='bbox 940 5798 993 5856; x_wconf 86' lang='lat' dir='ltr'><strong>Sed</strong></span> <span class='ocrx_word' id='word_1_761' title='bbox 1006 5800 1071 5867; x_wconf 88' lang='lat' dir='ltr'><strong>quid</strong></span> 
     </span>
    </p>
   </div>
   <div class='ocr_carea' id='block_1_9' title="bbox 1124 5335 1922 5869">
    <p class='ocr_par' dir='ltr' id='par_1_11' title="bbox 1124 5335 1922 5869">
     <span class='ocr_line' id='line_1_70' title="bbox 1124 5335 1917 5411; baseline -0.008 -15"><span class='ocrx_word' id='word_1_762' title='bbox 1124 5340 1244 5396; x_wconf 83' lang='lat' dir='ltr'><strong>coeloset</strong></span> <span class='ocrx_word' id='word_1_763' title='bbox 1257 5336 1407 5402; x_wconf 88' lang='lat' dir='ltr'><strong>descendit,</strong></span> <span class='ocrx_word' id='word_1_764' title='bbox 1422 5347 1449 5392; x_wconf 87' lang='lat' dir='ltr'><strong>et</strong></span> <span class='ocrx_word' id='word_1_765' title='bbox 1462 5338 1550 5409; x_wconf 80' lang='lat' dir='ltr'><strong>caligo</strong></span> <span class='ocrx_word' id='word_1_766' title='bbox 1562 5338 1614 5395; x_wconf 87' lang='lat' dir='ltr'><strong>sub</strong></span> <span class='ocrx_word' id='word_1_767' title='bbox 1630 5340 1752 5408; x_wconf 89' lang='lat' dir='ltr'><strong>pedibus</strong></span> <span class='ocrx_word' id='word_1_768' title='bbox 1763 5342 1828 5411; x_wconf 78' lang='lat' dir='ltr'><strong>ejus</strong></span> <span class='ocrx_word' id='word_1_769' title='bbox 1843 5335 1917 5411; x_wconf 80' lang='lat' dir='ltr'><strong>(Paul.</strong></span> 
     </span>
     <span class='ocr_line' id='line_1_71' title="bbox 1125 5432 1918 5506; baseline -0.001 -17"><span class='ocrx_word' id='word_1_770' title='bbox 1125 5436 1207 5506; x_wconf 52' lang='lat' dir='ltr'><strong>xvir).</strong></span> <span class='ocrx_word' id='word_1_771' title='bbox 1226 5432 1369 5488; x_wconf 85' lang='lat' dir='ltr'><strong>inclinarit</strong></span> <span class='ocrx_word' id='word_1_772' title='bbox 1393 5432 1487 5497; x_wconf 70' lang='lat' dir='ltr'><strong>coeloe,</strong></span> <span class='ocrx_word' id='word_1_773' title='bbox 1512 5432 1591 5489; x_wconf 88' lang='lat' dir='ltr'><strong>idest</strong></span> <span class='ocrx_word' id='word_1_774' title='bbox 1617 5432 1782 5488; x_wconf 86' lang='lat' dir='ltr'><strong>humiliavit</strong></span> <span class='ocrx_word' id='word_1_775' title='bbox 1796 5432 1918 5488; x_wconf 81' lang='lat' dir='ltr'><strong>roelestit.</strong></span> 
     </span>
     <span class='ocr_line' id='line_1_72' title="bbox 1126 5523 1920 5596; baseline -0.011 -13"><span class='ocrx_word' id='word_1_776' title='bbox 1126 5525 1419 5590; x_wconf 72' lang='lat' dir='ltr'><strong>seilicetbettaten1‚et</strong></span> <span class='ocrx_word' id='word_1_777' title='bbox 1431 5526 1505 5595; x_wconf 90' lang='lat' dir='ltr'><strong>ipsos</strong></span> <span class='ocrx_word' id='word_1_778' title='bbox 1518 5525 1628 5596; x_wconf 75' lang='lat' dir='ltr'><strong>angelos</strong></span> <span class='ocrx_word' id='word_1_779' title='bbox 1641 5540 1689 5595; x_wconf 88' lang='lat' dir='ltr'><strong>per</strong></span> <span class='ocrx_word' id='word_1_780' title='bbox 1699 5523 1920 5581; x_wconf 84' lang='lat' dir='ltr'><strong>commiseratio-</strong></span> 
     </span>
     <span class='ocr_line' id='line_1_73' title="bbox 1126 5614 1920 5687; baseline -0.014 -14"><span class='ocrx_word' id='word_1_781' title='bbox 1126 5634 1198 5683; x_wconf 88' lang='lat' dir='ltr'><strong>nem,</strong></span> <span class='ocrx_word' id='word_1_782' title='bbox 1214 5630 1297 5687; x_wconf 91' lang='lat' dir='ltr'><strong>quam</strong></span> <span class='ocrx_word' id='word_1_783' title='bbox 1312 5614 1407 5671; x_wconf 89' lang='lat' dir='ltr'><strong>habuit</strong></span> <span class='ocrx_word' id='word_1_784' title='bbox 1422 5614 1455 5669; x_wconf 91' lang='lat' dir='ltr'><strong>de</strong></span> <span class='ocrx_word' id='word_1_785' title='bbox 1469 5616 1641 5685; x_wconf 90' lang='lat' dir='ltr'><strong>reparatione</strong></span> <span class='ocrx_word' id='word_1_786' title='bbox 1657 5616 1781 5671; x_wconf 90' lang='lat' dir='ltr'><strong>humani</strong></span> <span class='ocrx_word' id='word_1_787' title='bbox 1796 5614 1920 5687; x_wconf 77' lang='lat' dir='ltr'><strong>generis:</strong></span> 
     </span>
     <span class='ocr_line' id='line_1_74' title="bbox 1126 5704 1920 5781; baseline -0.008 -16"><span class='ocrx_word' id='word_1_788' title='bbox 1126 5710 1228 5781; x_wconf 87' lang='lat' dir='ltr'><strong>etipse</strong></span> <span class='ocrx_word' id='word_1_789' title='bbox 1251 5707 1391 5764; x_wconf 87' lang='lat' dir='ltr'><strong>descendit</strong></span> <span class='ocrx_word' id='word_1_790' title='bbox 1405 5704 1524 5761; x_wconf 91' lang='lat' dir='ltr'><strong>uniendo</strong></span> <span class='ocrx_word' id='word_1_791' title='bbox 1547 5708 1597 5763; x_wconf 91' lang='lat' dir='ltr'><strong>sibi</strong></span> <span class='ocrx_word' id='word_1_792' title='bbox 1611 5707 1770 5763; x_wconf 89' lang='lat' dir='ltr'><strong>humanam</strong></span> <span class='ocrx_word' id='word_1_793' title='bbox 1786 5718 1920 5764; x_wconf 86' lang='lat' dir='ltr'><strong>naturam.</strong></span> 
     </span>
     <span class='ocr_line' id='line_1_75' title="bbox 1126 5797 1922 5869; baseline -0.006 -12"><span class='ocrx_word' id='word_1_794' title='bbox 1126 5799 1248 5859; x_wconf 84' lang='lat' dir='ltr'><strong>inclinati</strong></span> <span class='ocrx_word' id='word_1_795' title='bbox 1271 5810 1336 5857; x_wconf 86' lang='lat' dir='ltr'><strong>sunt</strong></span> <span class='ocrx_word' id='word_1_796' title='bbox 1357 5797 1457 5869; x_wconf 75' lang='lat' dir='ltr'><strong>anqeli,</strong></span> <span class='ocrx_word' id='word_1_797' title='bbox 1477 5813 1540 5855; x_wconf 87' lang='lat' dir='ltr'><strong>cum</strong></span> <span class='ocrx_word' id='word_1_798' title='bbox 1566 5800 1732 5857; x_wconf 84' lang='lat' dir='ltr'><strong>aecedentes</strong></span> <span class='ocrx_word' id='word_1_799' title='bbox 1755 5800 1794 5857; x_wconf 80' lang='lat' dir='ltr'><strong>acl</strong></span> <span class='ocrx_word' id='word_1_800' title='bbox 1825 5798 1922 5861; x_wconf 81' lang='lat' dir='ltr'><strong>beura,</strong></span> 
     </span>
    </p>
   </div>
   <div class='ocr_carea' id='block_1_10' title="bbox 0 0 2014 6342">
    <p class='ocr_par' dir='ltr' id='par_1_12' title="bbox 0 0 2014 6342">
     <span class='ocr_line' id='line_1_76' title="bbox 0 0 2014 6342; baseline 0 2"><span class='ocrx_word' id='word_1_801' title='bbox 0 0 2014 6342; x_wconf 95' lang='lat' dir='ltr'><strong> </strong></span> 
     </span>
    </p>
   </div>
  </div>
 </body>
</html>
