4017 6342
9 303 10 310 Ν
125 341 170 403 ter
589 348 876 406 eerxoaxrroxns
895 341 946 406 ss,
966 350 1122 407 cernon.
1140 382 1174 391 -
1195 348 1258 409 xre.
1280 350 1300 406 ι.
1713 358 1766 418 xxx

16 463 17 468 ’
128 456 217 529 ltaque
242 460 371 531 primum
399 461 519 532 seipsum
546 461 616 517 hene
644 462 758 533 diligere
779 463 868 530 debet,
894 473 923 519 nt
937 470 960 527 Α
975 473 1017 519 cst
1028 480 1109 535 qnam
1124 464 1176 521 sihi
1189 465 1321 536 diligere:
1337 460 1441 524 lxoe'est
1455 469 1524 526 relle
1536 469 1603 528 illud
1615 482 1641 529 et
1660 474 1768 531 deside-

132 558 219 620 postca
232 554 391 609 securrdum
405 569 434 609 se
446 551 616 624 benediligat
625 562 653 609 et
664 555 817 624 proximum
829 571 920 611 sunm.
973 572 1044 613 rare.
1059 557 1129 624 Quia
1141 559 1214 614 enirn
1227 560 1317 616 omnis
1331 562 1376 631 qui
1392 561 1494 618 honrnn
1506 578 1586 619 sunm
1599 565 1697 640 diligit,
1713 568 1768 623 sibi

133 640 158 695 Si
169 650 261 696 autern
277 658 308 699 se
321 644 435 715 perdere
446 644 656 699 vultutsalvum
670 644 752 699 hrciat
766 646 921 715 proximum
973 647 1061 719 diligit
1076 667 1083 716 ;
1109 657 1137 704 et
1155 665 1264 705 rursum
1288 651 1353 721 qnia
1376 654 1467 709 omnis
1489 655 1535 725 qui
1557 653 1643 712 lieum
1666 658 1765 729 diligit,

135 746 218 799 sunm,
242 748 300 788 non
325 745 368 790 est
383 734 508 789 ordinata
532 734 651 802 dilectio,
677 737 742 807 qnia
761 752 811 807 pro
830 738 921 793 anima
972 735 1075 792 honum
1100 753 1179 794 suum
1203 739 1300 811 diligit,
1322 751 1431 797 constat
1455 743 1577 814 prolecto
1595 747 1659 817 quia
1683 763 1765 803 nenio

135 841 177 879 sna
190 825 295 880 nullam
320 828 562 882 comnrntationem
576 828 641 883 dare
652 837 740 899 potest
755 831 847 885 lroxno.
864 830 922 887 lioe
972 826 1058 883 Deum
1073 830 1169 900 diligit,
1186 830 1233 901 qui
1251 831 1302 886 sibi
1326 832 1403 888 illum
1425 850 1481 890 non
1500 836 1604 908 diligit;
1630 848 1657 894 et
1672 841 1766 896 omnis

133 919 200 973 enim
215 933 231 973 a
251 926 277 982 te
291 918 411 988 primum
428 918 544 990 requirit
566 918 647 987 Dens,
663 931 693 976 nt
710 923 830 977 animam
844 931 919 979 team
971 920 1018 990 qui
1036 921 1123 991 diligit
1135 922 1187 977 sibi
1201 922 1299 995 diligit,
1312 924 1376 994 quia
1389 923 1526 983 desiderat
1538 937 1565 983 et
1577 930 1679 987 habere
1689 932 1765 1003 eupit

132 1013 175 1066 des
187 1010 236 1078 illi,
251 1010 353 1067 deinde
366 1021 464 1067 caetera
476 1011 598 1082 adjicias.
615 1011 642 1067 Si
654 1014 719 1083 quid
729 1029 779 1083 pro
791 1016 843 1070 isto
856 1016 921 1072 dare
969 1028 1052 1082 quem
1067 1014 1164 1085 diligit.

132 1103 247 1158 uolueris
264 1116 320 1157 non
337 1103 479 1173 accipitur,
505 1103 560 1159 nisi
581 1104 690 1159 dederis
705 1114 732 1159 et
752 1104 836 1161 istud.
861 1108 921 1162 l'ri-
1007 1104 1168 1171 tremonia
1186 1120 1242 1161 ¹¹⁰n
1254 1106 1344 1162 ⁰fflni⁵
1355 1108 1403 1179 ‘ilfi
1420 1107 1650 1171 b⁰¹¹1¹1¹¹³¹lerlds
1665 1116 1762 1187 diligit.

130 1212 203 1251 nirrxo
221 1196 305 1263 istud,
321 1198 428 1265 reliqua
444 1212 508 1252 enm
530 1196 593 1253 isto.
607 1195 667 1252 Non
682 1207 773 1253 autem
789 1199 850 1254 dico
864 1200 920 1255 duo
971 1196 1048 1251 illum
1064 1196 1152 1267 diligit
1168 1196 1248 1268 eujus
1260 1198 1363 1252 bonum
1380 1197 1478 1270 diligit,
1491 1202 1555 1270 quia
1580 1218 1634 1258 non
1649 1204 1686 1259 illi
1701 1207 1764 1262 dili-

130 1298 173 1343 ant
185 1296 241 1344 tres
255 1296 304 1343 aut
319 1296 439 1359 quatuor
463 1287 599 1354 homiues,
613 1290 660 1345 sed
674 1305 725 1346 nec
739 1298 825 1346 totum
836 1306 919 1347 mun·
969 1290 1009 1361 git
1024 1289 1126 1344 bonum
1137 1290 1212 1360 quod
1227 1289 1323 1359 diligit.
1336 1288 1465 1346 distinxit
1480 1292 1621 1366 Scriptura
1637 1298 1765 1355 humanas

129 1382 190 1435 dnm
206 1389 303 1437 contra
328 1380 448 1435 animam
470 1388 546 1435 tuam
561 1381 674 1452 diligere
687 1380 779 1436 debes.
800 1380 829 1435 Si
844 1382 918 1437 enim
969 1382 1065 1448 menti,
1087 1382 1238 1438 secundum
1261 1398 1293 1437 ea
1308 1398 1369 1454 quae
1392 1383 1420 1437 in
1441 1384 1571 1442 humanis
1597 1388 1696 1457 divisa,
1711 1390 1763 1444 ali-

128 1469 229 1539 aliquid
256 1469 414 1540 plusquam
429 1469 549 1525 animam
574 1477 648 1526 tuam
673 1470 774 1543 diligis,
800 1471 918 1543 idipsum
969 1470 1078 1542 quoties
1110 1472 1301 1541 inueniuntur,
1327 1472 1353 1528 id
1377 1475 1450 1544 quod
1470 1476 1561 1533 diuina
1583 1478 1764 1551 inseparabile

128 1558 250 1629 prolecto
260 1560 322 1631 plus
332 1574 415 1631 quam
425 1557 510 1614 Βειιιιι
520 1559 632 1631 diligere
645 1562 843 1633 comprobaris,
853 1562 918 1633 quia
969 1562 1080 1629 habent,
1095 1562 1189 1620 dicens
1204 1563 1308 1618 homini
1321 1572 1360 1630 ut,
1373 1574 1520 1637 postquam
1533 1566 1618 1625 neum
1628 1571 1762 1643 diligeret,

127 1649 248 1705 animam
274 1656 349 1705 tuam
378 1664 434 1705 non
460 1650 551 1721 diligis
578 1651 632 1706 nisi
656 1652 683 1705 ln
707 1666 741 1708 eo
761 1654 831 1719 solo,
853 1654 918 1725 qnia
969 1654 1134 1725 diligeretsi
1153 1656 1309 1726 proximum
1331 1670 1423 1725 suunt,
1446 1674 1499 1715 non
1515 1663 1588 1733 qnod
1611 1663 1683 1719 istud
1703 1664 1763 1720 sine

128 1740 227 1794 bouum
241 1739 316 1793 illius
328 1740 403 1811 quod
417 1738 490 1797 [leus
504 1749 545 1796 est
559 1740 660 1811 diligis.
682 1741 787 1798 idcirco
798 1744 917 1814 primum
970 1745 1023 1801 isto
1034 1745 1124 1802 lacere
1139 1757 1265 1818 possunt,
1280 1750 1327 1805 sed
1344 1766 1377 1807 ne
1396 1766 1478 1822 posse
1490 1761 1626 1825 putarent.
1639 1754 1763 1811 Primum

126 1832 207 1904 dilige
219 1832 342 1888 animam
356 1842 442 1901 tuam,
459 1833 596 1905 diligendo
615 1835 718 1890 bonum
741 1836 840 1892 animae
852 1845 915 1893 tuae.
932 1822 1035 1909 Bergo
1048 1838 1117 1893 dixit
1131 1847 1161 1894 ut
1176 1838 1261 1895 lleum
1284 1842 1419 1914 diligeret,
1432 1852 1460 1899 et
1476 1845 1503 1899 in
1523 1860 1556 1899 eo
1579 1846 1636 1916 ipse
1648 1847 1718 1903 dixit
1731 1856 1763 1905 ut

127 1923 228 1981 Deinde
241 1926 324 1981 etiam
338 1926 420 1997 dilige
439 1928 594 1996 proximum
613 1937 689 1982 tuum
703 1928 775 1983 sicut
789 1929 916 1999 teipsum,
968 1929 1022 1984 sibi
1036 1927 1169 2000 diligeret,
1184 1931 1250 2000 quia
1270 1932 1361 1989 omnis
1373 1936 1420 2005 qui
1444 1935 1546 1993 bonum
1561 1954 1641 1993 suurn
1662 1940 1761 2012 diligit,

125 2018 263 2089 diligendo
277 2020 316 2075 illi
329 2021 432 2077 bonum
448 2021 520 2092 quod
541 2020 633 2091 diligis
649 2022 707 2075 tibi.
722 2020 831 2078 lloeest
843 2024 916 2078 enim
968 2021 1020 2075 sibi
1037 2021 1134 2093 diligit.
1147 2021 1216 2089 Quia
1229 2038 1284 2079 non
1299 2026 1390 2083 omnis
1402 2029 1449 2098 qui
1462 2029 1562 2085 bonnm
1576 2031 1763 2089 alteriusdili-

125 2107 190 2165 illud
205 2110 327 2180 diligere,
344 2112 446 2167 bonurn
460 2112 498 2167 illi
512 2112 634 2183 diligere.
649 2109 717 2166 Nam
728 2113 830 2169 bonrrm
844 2115 918 2170 illius
969 2115 1017 2184 git,
1030 2114 1068 2170 illi
1084 2114 1173 2187 diligit
1186 2116 1266 2185 cujus
1283 2117 1385 2174 honum
1398 2120 1500 2193 diligit;
1515 2132 1577 2193 post
1588 2124 1761 2181 dilectionem

9 2223 10 2236 ι
124 2202 238 2273 diligere
250 2220 356 2275 posses,
370 2204 453 2261 etiam
468 2205 492 2261 si
504 2206 581 2261 illum
593 2221 648 2262 non
662 2208 800 2279 diligeres.
817 2207 917 2264 Posses
970 2206 1016 2261 bet
1040 2208 1132 2263 statim
1158 2207 1301 2278 subjunxit
1318 2210 1492 2267 dilectionem
1515 2215 1644 2285 proximi,
1663 2224 1693 2271 nt
1710 2216 1763 2272 hoe

123 2295 198 2350 enim
213 2294 262 2350 tibi
276 2296 399 2367 diligere,
415 2305 463 2351 aut
479 2297 558 2351 alteri
578 2297 700 2364 cuilibet,
717 2307 743 2353 et
758 2312 812 2352 non
824 2297 873 2365 illi,
890 2306 917 2352 et
968 2298 1052 2353 horno
1066 2300 1191 2369 proximo
1213 2316 1264 2357 suo
1293 2312 1404 2373 cuperet
1423 2304 1561 2375 diligendo
1576 2306 1664 2371 illum,
1687 2306 1761 2377 quod

122 2388 160 2443 ita
172 2387 251 2443 illum
272 2404 328 2443 non
348 2390 487 2461 diligeres,
503 2391 630 2460 quamvis
646 2402 748 2446 bortum
767 2391 842 2446 illius
854 2391 915 2446 dili·
967 2390 1020 2445 sibi
1035 2391 1174 2462 diligendo
1190 2391 1286 2449 lirum.
1313 2394 1391 2461 erod
1406 2397 1497 2466 majus
1512 2396 1613 2451 bonum
1626 2398 1693 2453 milri
1708 2408 1761 2466 est,

122 2494 212 2552 gerse,
230 2482 296 2551 quia
311 2480 350 2535 illi
360 2496 415 2536 non
428 2480 564 2553 diligeres.
574 2481 675 2538 Posses
687 2482 801 2552 diligere
814 2496 915 2554 eqrrnm
967 2496 1039 2537 arne
1060 2484 1122 2552 plus
1135 2484 1303 2555 diligendum
1318 2495 1368 2553 est,
1387 2488 1451 2557 qnia
1474 2487 1541 2541 rnihi
1558 2488 1677 2558 primurn
1692 2488 1761 2544 insi·

121 2574 207 2639 illius,
224 2575 337 2628 domurn
352 2582 495 2643 etagrum‚
511 2576 655 2644 pecuniam
671 2574 756 2642 illius,
778 2572 916 2629 lortitudi·
966 2582 1025 2628 tum
1042 2582 1094 2637 est,
1117 2583 1147 2629 ut
1160 2575 1270 2647 diligam
1292 2576 1395 2632 bonum
1418 2593 1531 2633 meum:
1552 2579 1617 2634 illud
1641 2580 1761 2635 alarimo

121 2681 196 2733 nem,
210 2666 443 2736 pulchritudinem
457 2675 505 2720 aut
516 2666 679 2736 sapientiam
693 2665 777 2733 illies,
790 2667 915 2736 quarnxis
966 2666 1040 2736 qnod
1052 2681 1148 2721 xerorn
1169 2667 1271 2722 bortum
1287 2677 1339 2737 est,
1355 2678 1392 2737 et,
1408 2678 1472 2740 post
1486 2670 1591 2726 illudet
1609 2673 1761 2727 secundum

120 2758 198 2813 illem
207 2773 263 2813 non
274 2757 412 2829 diligeres,
424 2759 488 2828 quia
500 2758 693 2829 tibidiligeres,
704 2772 760 2813 noo
772 2758 821 2812 illi.
834 2757 914 2814 Enim
965 2758 1044 2826 illud,
1058 2758 1169 2829 diligant
1182 2758 1283 2814 borram
1297 2763 1414 2832 proximi
1427 2762 1490 2819 mei.
1505 2762 1662 2819 Secundum
1675 2780 1719 2819 me
1733 2776 1760 2820 et

121 2865 216 2905 rerum
240 2851 344 2905 bonum
359 2865 415 2906 non
432 2858 542 2921 poteras
562 2849 675 2921 diligere
688 2850 748 2918 tibi,
770 2850 826 2907 nisi
848 2851 914 2906 illud
967 2862 1030 2923 post
1041 2870 1085 2911 me
1107 2857 1211 2928 aliquid
1226 2857 1265 2913 illi
1281 2857 1376 2924 debeo,
1398 2864 1462 2911 ante
1482 2855 1580 2911 merel
1603 2868 1698 2913 contra
1716 2872 1761 2912 me

117 2942 247 3014 diligeres
261 2951 289 2998 ct
303 2958 419 3013 cuperes
432 2942 559 3013 proximo
573 2950 630 2997 luo.
965 2942 1045 2998 nihil.
1058 2944 1188 3016 Alioquin
1201 2960 1256 3001 non
1266 2954 1352 3002 staret
1364 2964 1370 3000 :
1384 2964 1394 2996 r
1409 2943 1672 3017 Diligesproximum
1682 2956 1760 3001 tuum

152 3034 287 3091 bistinxit
296 3050 363 3105 ergo
380 3034 520 3106 Scriptura
534 3037 706 3093 dilectionem
723 3036 803 3091 istam
816 3050 915 3091 sccun-
965 3034 1038 3090 sicut
1063 3038 1220 3107 teipsum»
1252 3039 1275 3094 si
1301 3036 1378 3091 illum
1404 3037 1555 3109 diligerem,
1568 3040 1631 3095 odio
1654 3039 1760 3095 habens

115 3128 183 3182 dura
199 3126 345 3198 illamqua
367 3127 395 3181 in
417 3128 480 3183 aliis
494 3128 566 3184 etde
588 3128 650 3183 aliis
670 3128 760 3183 bonus
774 3134 825 3182 est.
842 3126 947 3220 lille·C
964 3127 1112 3197 meipsum.
1130 3128 1287 3186 Secundum
1300 3130 1375 3185 bunc
1395 3130 1489 3201 itaque
1510 3132 1621 3185 modam
1634 3145 1688 3186 non
1705 3132 1759 3187 nisi

115 3225 234 3281 ctionem
250 3223 374 3293 primurn
389 3222 550 3294 precipiens
567 3222 682 3290 homini,
698 3229 728 3276 ut
746 3220 831 3275 licum
851 3220 913 3275 dili·
963 3219 1019 3273 duo
1030 3230 1095 3275 sunt
1106 3233 1238 3294 praecepta
1252 3226 1415 3281 eharitatis:
1430 3224 1550 3296 primam
1565 3225 1599 3280 de
1614 3224 1759 3279 dilectione

115 3325 168 3385 gat,
183 3316 337 3373 intendens
351 3317 446 3387 utique
459 3326 490 3370 ut
503 3315 533 3369 in
546 3330 579 3371 eo
595 3316 656 3385 ipso
671 3314 792 3384 seipsum
806 3312 910 3381 diligat,
962 3308 1021 3378 liei,
1039 3312 1066 3367 in
1084 3329 1140 3385 quo
1154 3316 1237 3372 homo
1258 3318 1391 3373 veraciter
1405 3318 1493 3388 diligit
1506 3316 1638 3387 seipsum.
1654 3314 1761 3371 Secun-

111 3409 175 3479 qnia
189 3407 312 3479 diligere
334 3408 456 3478 seipsum
477 3422 531 3462 non
547 3407 621 3462 aliud
644 3415 687 3462 est
703 3420 787 3479 quam
807 3405 910 3459 bonurn
962 3401 1028 3457 dum
1043 3405 1077 3461 de
1089 3405 1236 3465 dilectione
1247 3411 1377 3481 proximi,
1392 3410 1487 3480 inquo
1501 3411 1657 3481 proximum
1671 3406 1759 3481 diligit

108 3514 189 3556 tuum
206 3500 342 3572 diligere,
356 3507 384 3556 et
399 3499 501 3555 honum
522 3513 604 3555 suum
626 3498 740 3571 diligere
763 3512 818 3553 non
835 3495 910 3551 aliud
963 3495 1035 3551 sicut
1049 3499 1181 3569 seipsum.

305 3760 607 3856 bodldldx
643 3767 874 3875 QUINTA
907 3765 1058 3891 POST
1096 3763 1560 3858 ΤΗΕΟΡΗΑΝΙΑΜ.

732 3959 918 4021 Secundum
933 3945 1130 4020 llatthaeum.

139 4126 331 4199 Respondeas
352 4123 433 4181 lesus
452 4124 541 4180 dixit:
567 4143 576 4176 ι
593 4122 732 4179 Conliteor
755 4124 815 4190 tibi,
827 4123 908 4180 Pater
962 4122 1038 4196 (dac.
1065 4123 1115 4195 xx),
1132 4124 1208 4179 »hoe
1231 4131 1273 4179 est
1285 4122 1465 4180 humilitatem
1483 4126 1544 4182 ddei
1565 4127 1678 4195 Christi,
1699 4144 1754 4199 qua

110 4221 227 4276 bomine
247 4219 317 4275 coeli
336 4225 464 4285 ettcrrae,
485 4218 550 4287 quia
569 4217 739 4273 abscondisti
759 4218 817 4274 hee
831 4232 847 4272 a
861 4233 908 4271 sa·
961 4213 1222 4283 addivinnansejus
1234 4218 1398 4289 agnitionem
1411 4217 1552 4288 pertenire
1562 4220 1703 4288 poteratis.

109 4314 253 4383 pientibus
275 4321 304 4367 et
325 4312 505 4382 prudentibus
525 4319 552 4365 et
573 4310 699 4366 revelasti
723 4326 757 4366 ea
775 4311 906 4381 parvulis,
1000 4323 1010 4357 ι
1032 4302 1131 4370 Etiam,
1147 4304 1237 4375 Pater,
1252 4310 1317 4378 duis
1331 4308 1372 4365 sic
1394 4307 1446 4364 lnit
1460 4309 1589 4379 placitum
1607 4317 1670 4364 artie
1683 4319 1718 4363 te.
1739 4327 1750 4361 r

107 4414 169 4459 etc.
182 4404 294 4473 (dorth.
311 4403 363 4475 xx).
379 4423 389 4456 s
962 4394 1067 4451 Sensus
1081 4402 1141 4451 est:
1157 4394 1246 4465 Certe,
1258 4396 1348 4467 Pater,
1366 4400 1424 4457 haee
1443 4401 1543 4468 iecisti,
1564 4402 1628 4472 quia
1644 4402 1684 4457 sie
1694 4402 1752 4471 pla·-

154 4496 301 4553 llxsolrans
315 4498 350 4553 de
363 4496 467 4567 Spiritu
486 4504 592 4562 saneto,
608 4497 643 4553 de
659 4498 747 4553 salute
761 4498 906 4553 humilium
959 4490 1016 4545 cuit
1037 4497 1100 4544 ante
1122 4498 1159 4555 te,
1183 4488 1210 4544 id
1232 4499 1274 4545 est
1296 4492 1324 4545 in
1345 4504 1491 4565 conspecta
1512 4504 1571 4550 tuo.
1593 4494 1640 4551 llis
1659 4494 1752 4551 verbis

106 4590 218 4657 quibus
230 4589 403 4660 loquebatur,
415 4590 517 4659 gratias
531 4589 587 4660 agit
607 4598 635 4645 et
653 4590 812 4646 exsultatio
827 4589 908 4645 Patre
958 4585 1082 4655 exempla
1098 4586 1261 4649 humilitatis
1281 4594 1442 4664 accipimus,
1459 4606 1493 4646 ne
1511 4598 1613 4645 temere
1632 4601 1751 4657 superna

105 4679 193 4749 quod
216 4680 349 4751 apostolis
371 4680 505 4735 adrentus
529 4681 572 4735 sui
596 4682 705 4750 aperuit
726 4691 906 4747 sacramenta,
958 4678 1072 4734 consilia
1082 4680 1116 4733 de
1130 4680 1247 4739 aliorum
1259 4686 1401 4741 vocatione
1414 4686 1585 4754 aliorumque
1596 4681 1751 4750 repulsione

102 4786 183 4842 que
194 4774 386 4844 ignoraverunt
408 4771 511 4831 Scribas
535 4781 560 4827 et
575 4770 716 4838 Pharisaei,
731 4775 778 4843 qni
794 4774 846 4830 sibi
863 4790 908 4829 sa·
957 4788 1165 4843 praesumamus.
1181 4780 1241 4837 Non
1259 4781 1332 4837 enim
1351 4780 1483 4834 rationem
1500 4774 1625 4840 reddidit,
1644 4773 1691 4829 sed
1709 4774 1751 4829 sic

102 4865 223 4934 pientes
243 4866 416 4922 ridebantur.
442 4863 520 4919 limle
543 4880 647 4935 supra:
674 4884 683 4916 ι
700 4863 851 4921 iustilieata
864 4874 909 4921 est
957 4861 1013 4918 lieo
1033 4866 1162 4934 placitum
1186 4869 1265 4937 dixit,
1279 4868 1426 4925 ostendens
1448 4864 1513 4935 quia
1536 4863 1668 4933 injustum
1688 4878 1749 4917 csse

101 4958 249 5026 sapientia
268 4972 285 5013 a
307 4957 371 5013 tiliis
383 4958 442 5013 suis
460 4956 561 5026 (ibidl.
577 4976 586 5009 x
605 4955 750 5013 Confessio
766 4974 821 5012 non
834 4974 907 5013 sem·
956 4971 1012 5011 non
1030 4965 1120 5025 potest
1132 4959 1204 5029 quod
1223 4959 1325 5030 plaerrit
1336 4960 1420 5029 justo.
1433 4955 1511 5011 Unde
1525 4964 1552 5010 et
1571 4954 1599 5007 in
1612 4954 1690 5009 vinca
1707 4954 1748 5007 la·

81 5046 171 5118 ’ψει
182 5051 378 5118 poenitentiam,
392 5049 439 5105 sed
450 5049 597 5119 aliqnando
610 5050 760 5119 gratiarum
771 5051 905 5105 actionem
957 5048 1117 5104 borantlbus
1132 5050 1284 5105 mercedem
1304 5048 1420 5104 reddens
1438 5046 1495 5103 ait:
1522 5064 1531 5097 ι
1551 5042 1620 5101 Volo
1642 5054 1668 5099 et
1685 5045 1749 5099 hnic

100 5140 526 5213 segaxlicat.(.luensrrxns.)ln
557 5141 612 5196 hoc
642 5142 716 5211 quod
745 5141 783 5196 ait
800 5140 904 5198 Pater:
956 5138 1763 5219 norissimodaresicutettibi(Matrixxxhxlneunetis

97 5235 236 5291 ostendit
256 5250 286 5291 se
307 5250 369 5292 esse
383 5233 504 5305 genitum
526 5251 542 5289 a
565 5233 632 5301 lico,
657 5249 711 5289 non
729 5242 861 5300 creatum,
876 5243 907 5289 nt
955 5250 1048 5307 ergon
1074 5234 1129 5291 lleo
1149 5236 1290 5307 dispositis
1305 5246 1397 5307 aperta
1418 5236 1492 5291 ratio
1502 5242 1562 5301 est,
1577 5233 1691 5289 occulte
1702 5232 1747 5300 jn-

99 5327 235 5383 laaerctiei
254 5328 364 5394 dicunt;
377 5328 405 5382 in
419 5328 472 5383 hoe
485 5327 558 5397 qnod
572 5326 652 5381 dicit:
662 5324 785 5392 bomine,
798 5336 906 5381 creato·
955 5328 1031 5381 stitia
1046 5326 1204 5383 uoluntatis.

94 5438 175 5477 rem
190 5423 252 5478 omli
263 5432 292 5477 ct
308 5432 404 5487 terrae,
417 5420 530 5490 pulchre
540 5419 710 5489 sapientibus
723 5430 751 5474 et
763 5420 905 5488 prudenti·
993 5438 1002 5469 r
1022 5416 1122 5473 Oerrria
1143 5418 1211 5473 mihi
1238 5418 1336 5473 tradita
1353 5425 1444 5473 sunta
1464 5416 1544 5471 Patre
1564 5427 1636 5467 nreo.
1654 5430 1662 5461 r
1684 5408 1746 5461 ideo

94 5515 178 5578 lxaxs,
190 5529 245 5568 non
263 5513 424 5584 insipientes
435 5520 463 5567 et
476 5511 597 5577 hebetes,
609 5511 657 5566 sed
670 5512 810 5581 paruulos,
823 5512 850 5567 id
863 5520 906 5567 est
955 5510 1087 5567 confiteor
1100 5508 1173 5563 Patri
1190 5509 1255 5578 quia
1267 5510 1358 5564 ornnia
1374 5509 1441 5563 mihi
1456 5506 1565 5561 tradidit
1577 5502 1667 5557 Pater.
1686 5497 1746 5553 Nan

93 5606 232 5662 leumiles
244 5604 374 5676 opposuit
397 5612 428 5658 ut
437 5604 565 5674 probaret
577 5618 607 5659 se
618 5612 751 5658 tumorem
762 5602 902 5667 damnare,
954 5602 1020 5658 dicit
1034 5601 1127 5656 omnia
1149 5601 1182 5656 de
1196 5600 1348 5668 elementis,
1362 5602 1408 5656 sed
1422 5601 1456 5656 de
1470 5598 1514 5652 his
1527 5596 1575 5666 qui
1586 5609 1635 5665 per
1645 5591 1745 5647 bitum

91 5714 166 5752 mna
192 5714 310 5755 acumen
333 5697 464 5753 scientie.
486 5694 632 5753 llumilitas
655 5696 728 5751 enim
752 5696 837 5751 claris
862 5704 904 5750 est
954 5696 1086 5751 accedunt
1108 5697 1141 5752 ad
1154 5697 1274 5767 Patrem,
1286 5709 1314 5754 ct
1333 5706 1396 5752 ante
1415 5702 1494 5749 erant
1506 5688 1630 5745 rebelles.
1648 5683 1686 5737 De
1701 5682 1745 5736 his

85 5791 241 5851 stende.
252 5792 353 5868 [lequa
360 5788 425 5846 alibi
433 5788 515 5847 dicit:
528 5786 659 5845 ‹Tolistis
668 5788 772 5845 clarem
780 5788 901 5845 scientiae
954 5788 1081 5844 omnibus
1093 5790 1160 5846 alias
1171 5791 1255 5846 dixit:
1274 5810 1283 5843 ι
1301 5789 1425 5857 bomine,
1439 5782 1510 5858 quod
1525 5781 1569 5837 dat
1584 5776 1652 5835 mihi
1664 5772 1745 5831 Pelet
