4017 6342
266 319 336 378 titt
827 311 989 368 tt'ttttrteut
1008 312 1153 368 AbllrleS
1173 313 1201 368 8.
1222 311 1335 370 beasti
1809 329 1866 390 mg

265 434 471 507 flierosolyrnis,
495 442 522 486 ct
545 432 632 486 blerns
648 437 723 492 erut,
743 427 954 498 ambulabatque
974 426 1054 483 lesus
1069 433 1092 490 Α
1109 445 1118 478 r
1138 425 1269 481 lisarrdirl
1284 429 1436 484 orationem
1447 439 1530 500 tuam,
1545 447 1627 504 quem
1638 430 1785 500 deprecatus
1796 454 1865 498 eain

264 525 295 580 iu
315 525 422 595 porticu
438 520 593 577 Salomonis
617 517 709 589 (loun.
733 518 771 588 x).
790 535 799 568 ι
815 515 876 572 flac
897 527 987 572 autem
1003 515 1054 571 fuit
1106 535 1164 574 carn
1180 535 1226 588 me
1242 518 1303 587 (ΙΙΙ
1317 521 1379 592 fleg.
1397 521 1446 593 rx).
1468 541 1478 574 ι

264 631 349 674 musa
362 614 489 670 secundae
504 620 531 667 et
544 611 630 669 tertiae
641 610 831 675 dedicationis,
846 609 909 678 quia
923 607 1054 664 Salomon
1141 609 1283 681 Templum
1311 611 1417 668 Domini
1451 615 1602 684 antiquitus
1621 613 1719 669 factum
1744 624 1866 688 tppnscrat

265 704 356 774 templi
367 703 475 773 quidem
488 717 568 770 opus,
584 701 657 772 qrrort
672 700 787 754 lietuino
806 700 938 766 condidit,
950 709 1054 770 septem
1105 701 1353 757 ceclesiasticorum
1369 704 1546 774 templorum,
1561 717 1588 760 ct
1599 705 1729 760 dedicatio
1741 709 1804 765 illius
1815 729 1865 768 uos-

264 795 345 852 annis
354 794 478 866 perfecie
490 802 686 849 octavoautem
698 808 771 849 arrne
782 793 886 851 decima
897 793 941 848 die
952 792 1055 850 mensis
1107 802 1154 848 trau
1167 793 1518 866 dedicationisexemplum.
1534 796 1561 850 Si
1573 802 1671 850 donnus
1685 795 1782 852 brutini
1792 815 1865 860 socan
1947 827 1950 840 ·

264 887 383 956 septimi,
396 886 579 958 quaeanobis
590 885 947 955 octoberappcllaturaboe
958 885 985 938 in
997 901 1056 940 rna·
1105 893 1147 940 cst
1173 883 1219 940 ubi
1254 885 1350 940 bostirc
1379 895 1406 941 ct
1436 887 1568 942 sacrificia
1594 886 1779 956 offerebantur,
1802 897 1865 952 rrrntn

262 993 317 1050 gna
338 978 423 1050 gloria
438 977 574 1034 dedicarit
595 974 657 1048 (ill
674 977 737 1047 fleg.
756 977 827 1045 aru).
843 975 909 1041 Qum
930 975 1055 1031 videlicet

262 1069 324 1128 dict
334 1078 361 1124 et
372 1078 452 1124 antea
465 1084 514 1140 per
526 1071 613 1140 legem
628 1077 687 1124 erat
697 1076 798 1124 statuta
814 1069 956 1135 solemnis,
976 1070 1013 1123 ita
1027 1076 1057 1122 nt

263 1161 292 1216 lu
312 1176 344 1216 ea
358 1161 564 1216 tabernaculum
576 1177 657 1215 onrne
669 1177 716 1230 per
729 1160 851 1232 singulos
862 1176 950 1215 aranos
968 1160 1056 1230 majo·

263 1252 343 1308 ribus
355 1253 453 1308 frostiis
463 1253 567 1322 expiari
581 1253 701 1308 deberet.
717 1252 774 1309 lloc
792 1254 910 1324 denique
922 1255 1054 1324 templum

263 1352 326 1414 pest
338 1358 425 1400 atrnos
446 1359 576 1410 ccccxxx,
599 1344 778 1400 incenderunt
799 1344 918 1399 Cbaldaci
932 1363 938 1397 ι
952 1343 1055 1400 etllic·

264 1437 466 1507 rosolymorum
479 1437 546 1492 urbe
559 1437 710 1504 destructa,
725 1435 904 1492 israeliticum
924 1437 1055 1507 populum

1106 977 1194 1046 magis
1209 987 1310 1033 nostrae
1335 977 1469 1032 orationis
1483 977 1593 1044 rlunrus,
1611 979 1656 1034 ubi
1683 981 1768 1034 carnis
1781 993 1803 1038 ct
1820 1002 1867 1041 san-

1106 1069 1196 1138 guinis
1215 1069 1275 1138 ejus
1301 1078 1475 1123 sacramenta
1499 1070 1684 1137 celebrantur,
1706 1076 1811 1130 rorantia
1827 1091 1865 1132 est.

1109 1158 1141 1213 bit
1155 1159 1177 1214 si
1192 1157 1322 1214 Dominus
1337 1159 1363 1214 in
1377 1159 1422 1214 illa
1434 1161 1584 1215 orationem
1597 1163 1689 1231 populi
1701 1162 1739 1216 sui
1751 1180 1777 1219 se
1788 1171 1866 1236 promi-

1097 1253 1144 1318 ‚sit
1159 1251 1265 1318 audire,
1289 1263 1391 1322 qrranto
1407 1255 1493 1326 magis
1508 1271 1602 1325 preces
1621 1265 1721 1311 nostrae
1735 1261 1866 1332 recipientur

1107 1344 1135 1400 in
1154 1343 1216 1410 ista,
1234 1345 1278 1398 ubi
1292 1353 1355 1400 sum
1373 1347 1428 1400 reri
1444 1357 1567 1402 oratores
1586 1357 1613 1402 et
1632 1361 1866 1424 ntenrnraturespas·

1108 1437 1195 1492 sinitis
1213 1437 1368 1492 bominac.
1384 1436 1452 1492 Etsi
1466 1447 1538 1492 taram
1555 1437 1692 1494 festivitas
1700 1439 1805 1510 ejusdem
1818 1457 1866 1500 ten·

264 1527 294 1582 lu
304 1526 482 1598 Babyloniam
497 1528 635 1584 abduxere
647 1529 796 1598 captirum.
808 1528 868 1595 Quo
886 1539 948 1598 post
968 1545 1056 1584 annus
1107 1527 1143 1596 pli
1157 1526 1229 1595 qtrod
1257 1535 1316 1581 erat
1338 1527 1481 1583 umbratile
1505 1539 1533 1582 ct
1548 1530 1671 1599 typicum
1696 1529 1721 1584 in
1732 1532 1866 1594 dedicatione

264 1619 436 1690 septuaginta
457 1619 575 1689 patriam
597 1620 724 1685 remisso,
755 1619 931 1690 regnantibus
950 1616 1088 1678 Persis!
1107 1617 1245 1674 celebrata
1268 1626 1320 1684 est,
1338 1629 1471 1688 quantum
1494 1618 1624 1689 gaudium
1638 1621 1737 1690 putatis
1750 1625 1771 1678 in
1786 1643 1864 1682 ronse·

264 1725 376 1766 rursum
392 1708 556 1764 aedificatum
567 1722 610 1769 ext
629 1711 760 1784 templum
772 1726 820 1782 per
830 1726 918 1766 annos
943 1726 1017 1778 xurr,
1029 1716 1057 1763 et
1111 1706 1235 1762 eratione
1256 1715 1358 1763 nostnc
1371 1708 1467 1763 matris
1482 1709 1617 1779 agendum
1643 1718 1698 1766 est.
1712 1711 1777 1778 erod
1794 1729 1864 1774 intem

265 1801 344 1858 tertia
356 1800 401 1856 die
421 1800 526 1857 mensis
539 1817 588 1869 ιιι,
600 1818 682 1874 quem
695 1818 746 1861 nos
765 1801 894 1863 lfartrum
914 1818 1057 1868 numurus,
1075 1774 1096 1828 Β
1112 1805 1214 1867 septem
1231 1799 1310 1854 annis
1325 1799 1484 1867 aedificasse,
1500 1811 1527 1855 et
1546 1799 1573 1854 in
1592 1811 1693 1856 octaro
1708 1803 1868 1869 dedicationem
1905 1809 1907 1814 '

263 1906 334 1962 epus
354 1891 389 1946 ad
417 1890 498 1946 butem
519 1892 694 1961 perductum,
713 1902 742 1952 et
754 1892 826 1950 reris
847 1903 969 1964 tempore
980 1893 1058 1949 dedi-
1109 1887 1170 1958 ejus
1184 1887 1284 1944 dicitur
1298 1888 1461 1958 celebrasse,
1478 1906 1527 1961 pro
1543 1907 1644 1964 magno
1658 1897 1778 1965 mysterio
1790 1897 1869 1956 ideon-

264 1991 368 2038 catum.
386 1979 437 2036 Cui
451 1982 576 2038 videlicet
599 1983 675 2053 operi
697 1993 762 2042 tunc
785 1984 954 2055 praefuerunt
974 1985 1059 2040 duces
1109 1986 1163 2033 stat
1175 1978 1317 2037 accidisse.
1332 1977 1390 2035 liae
1403 1981 1495 2054 itaque
1509 1984 1641 2052 templum
1660 1983 1802 2043 Salomonis
1815 1993 1869 2060 «prod

264 2069 351 2142 plebis
361 2072 558 2140 strenuissimi,
580 2083 611 2129 ut
622 2074 752 2139 diximus,
764 2073 914 2130 Zurobabel
926 2076 960 2130 de
982 2075 1057 2146 regio
1110 2065 1227 2120 1l⁰¹¹li¹¹⁰
1240 2079 1343 2136 “9²⁰¹ss
1360 2083 1440 2123 ³¹¹¹¹¹S
1462 2083 1494 2123 0¹
1510 2069 1592 2126 ⁸00⁶ss
1603 2082 1631 2126 et
1646 2073 1781 2142 qrmdratis
1795 2076 1870 2146 labifi-

264 2178 365 2235 genere
380 2173 408 2220 et
428 2162 509 2221 ,lesus
519 2167 648 2222 sacerdos
662 2181 798 2238 magnus:
821 2167 868 2222 sed
884 2176 910 2222 ei
920 2167 1060 2236 propheiae
1110 2159 1161 2212 bus
1176 2156 1374 2230 Hierosolymis
1390 2159 1455 2215 secli
1469 2159 1586 2216 solmam
1604 2161 1725 2234 Mosayei
1737 2165 1870 2223 tbfetttbt'ttli

264 2257 419 2327 Aggaerrset
430 2256 578 2314 Zacharias
589 2259 818 2329 adinventionem,
832 2268 914 2330 atqup
926 2259 1059 2316 adversus
1110 2249 1213 2304 babuit.
1236 2248 1342 2322 blop'scs
1356 2253 1456 2306 etenim
1485 2252 1694 2311 tabernaculum
1713 2255 1739 2308 in
1753 2272 1830 2312 crenro
1842 2259 1871 2313 ic-

265 2349 380 2407 iusidias
392 2352 512 2408 bostium
525 2353 733 2422 impedientium
755 2367 825 2423 opus
836 2367 883 2406 cnr
893 2352 987 2422 popuii
997 2367 1060 2407 001⁴-
1108 2349 1193 2411 cerat,
1208 2351 1290 2413 atque
1305 2343 1370 2399 illud
1381 2345 1408 2398 in
1422 2344 1477 2399 duro
1494 2353 1683 2415 separaverat.
1700 2344 1726 2399 lu
1738 2347 1811 2416 priori
1826 2351 1873 2417 qui-

265 2442 428 2501 roborantcs
441 2444 467 2516 (1
486 2444 568 2499 Esar.
582 2461 623 2512 tu,
635 2446 674 2516 5),
691 2444 768 2500 Unde
782 2452 844 2515 posi
862 2460 950 2500 annos
962 2443 1058 2510 fenne,
1108 2433 1170 2488 dem
1186 2433 1363 2490 tabernaculo
1373 2444 1432 2490 erat
1443 2437 1774 2504 aureumcandelabrum,
1784 2449 1806 2492 et
1816 2456 1873 2492 mcu-

265 2547 370 2603 cccxvr,
399 2549 448 2590 rex
479 2534 695 2592 nefandissimus
719 2534 878 2592 Graecornm
903 2533 1058 2590 Antiochus
1109 2536 1304 2596 sa,ctpauum
1320 2527 1482 2598 propositio,
1499 2528 1599 2582 ctlucc
1616 2527 1774 2582 dicebantur
1792 2539 1873 2582 sancta.

266 2623 364 2680 fraude
391 2634 471 2694 capra
490 2624 660 2681 Hierusalem
683 2626 813 2695 tenrplnm
834 2625 905 2680 idem
929 2624 1058 2679 sordibus
1109 2615 1141 2671 Et
1158 2617 1194 2671 ibi
1222 2618 1356 2687 pendebat
1377 2619 1478 2684 velum,
1497 2629 1560 2689 post
1581 2617 1656 2688 quod
1680 2627 1737 2673 erat
1753 2621 1874 2674 securulun

266 2716 402 2782 idolorum
413 2715 578 2787 profanavit,
590 2717 718 2774 auferens
730 2718 792 2772 inde
803 2727 831 2771 et
838 2708 1013 2788 confringens
1023 2717 1059 2778 nl·
1108 2709 1325 2784 tabernaculum,
1340 2710 1413 2780 quod
1424 2711 1566 2766 dicebatur
1577 2719 1674 2766 sancta
1689 2710 1840 2766 Sanctorum.
1853 2709 1875 2764 ln

266 2813 325 2862 fare
345 2805 452 2861 flamini
475 2823 600 2874 aureum,
615 2822 739 2862 mensam
761 2807 967 2878 propositionis,
990 2823 1057 2862 can·
1108 2800 1161 2855 boc
1178 2808 1237 2855 erat
1251 2801 1566 2866 aureumuburibulun,
1584 2811 1610 2856 et
1625 2817 1693 2856 arca
1707 2817 1738 2856 er
1752 2801 1815 2873 ligno
1828 2817 1876 2870 pre·

265 2898 406 2954 delubrum
421 2899 545 2966 luminis,
556 2909 584 2954 et
594 2910 766 2955 caeterarasa
779 2899 871 2967 templi
892 2913 976 2952 aurea
996 2913 1058 2968 quae
1110 2890 1181 2946 tioso
1193 2901 1220 2946 et
1231 2907 1299 2946 auro
1318 2892 1477 2962 purissimo,
1492 2891 1520 2945 in
1536 2899 1665 2962 quaerat
1680 2908 1744 2946 urna
1756 2908 1826 2946 aurea
1837 2893 1876 2944 ba-

265 2992 389 3047 fnucnire
399 2992 502 3062 potuim
515 2993 562 3048 sed
586 3004 614 3047 ct
625 2991 652 3045 in
672 2991 774 3060 templo
785 2989 862 3044 loris
878 2991 1056 3048 simulacrum
1107 2983 1174 3038 benc
1190 2999 1300 3052 manna,
1317 2991 1344 3038 ct
1365 2984 1440 3054 rirga
1455 2983 1545 3038 Aaron
1560 2999 1622 3054 qum
1638 2983 1796 3048 fronduerat,
1808 2993 1830 3037 et
1845 2992 1877 3035 ta-

265 3091 400 3153 statuens,
413 3084 543 3155 populum
555 3082 697 3138 tormentis
709 3082 743 3138 ad
755 3081 964 3137 sacrificandum
976 3079 1057 3135 idolis
1071 3115 1092 3172 C
1111 3075 1182 3132 bule
1197 3075 1363 3142 testamenti,
1376 3086 1403 3131 et
1415 3092 1496 3146 super
1510 3077 1567 3130 baec
1580 3077 1796 3146 propitiatorium,
1808 3090 1877 3142 super

265 3189 465 3320 misas-sadus
489 3263 682 3332 blachabaeus,
705 3278 767 3319 cum
798 3273 871 3320 essct
891 3265 925 3318 de
957 3278 1055 3334 genere

266 3357 444 3423 sacerdotali,
468 3357 582 3412 collecto
601 3355 721 3411 exercitu
742 3355 892 3422 iustorum,
923 3353 1055 3408 adsersus

266 3446 394 3502 Antiochi
406 3446 490 3501 duces
509 3462 586 3500 arma
611 3445 774 3513 corripiens,
795 3444 941 3512 cosquede
961 3440 1054 3498 iudaea

267 3534 415 3603 expellens,
428 3533 611 3602 persecutioni
629 3533 787 3588 serissime
809 3533 889 3586 tinem
915 3533 1053 3603 imposuit,

268 3641 301 3680 ac
312 3625 442 3695 templum
453 3625 489 3679 ab
500 3625 635 3681 idolorum
648 3625 813 3695 imaginibus
825 3626 988 3692 emundans,
1005 3641 1057 3681 no·

267 3731 301 3771 xa
312 3731 410 3771 rursus
429 3716 525 3770 altaria
549 3726 577 3772 et
590 3725 687 3772 caetera
698 3733 763 3773 rasa
782 3717 824 3772 vel
845 3729 1004 3774 ornamenta
1017 3717 1057 3780 fa-

267 3805 355 3872 ciens,
368 3814 449 3875 atque
462 3806 602 3876 intemplo
615 3822 759 3876 reponens,
774 3809 908 3863 dedicarit
929 3825 960 3864 ea
974 3809 1056 3866 simul

268 3911 332 3952 cum
348 3899 459 3968 templo,
481 3899 555 3968 quod
576 3901 744 3971 purgarit·et
768 3903 908 3956 renovarit
927 3902 1056 3957 uicesima

267 3987 364 4056 quitata
374 3988 418 4042 die
433 3990 535 4045 mensis
551 3990 626 4055 troni,
644 3990 670 4046 id
685 4000 727 4046 est
741 3991 906 4058 beecrrrbris,
917 3994 992 4049 etad
1003 3994 1058 4048 bic·

267 4091 340 4130 turem
361 4077 496 4146 pertinere
507 4078 573 4133 nulli
586 4080 699 4135 dubium
712 4091 828 4137 constat.
847 4082 1001 4152 statuitque
1012 4083 1057 4138 de·

266 4174 384 4238 erctum,
400 4175 430 4222 ut
442 4168 628 4236 prediximus,
641 4169 769 4227 omnibus
786 4173 865 4227 arteris
881 4173 952 4228 dicun
967 4189 1057 4228 encae-

267 4278 389 4322 morum.
407 4259 434 4320 id
459 4270 505 4322 est
522 4262 705 4317 innovationis
720 4278 753 4318 ac
766 4263 947 4322 dedicationis
965 4263 1057 4333 templi

267 4353 337 4409 festa
352 4356 496 4412 devotione
509 4352 641 4414 celebrari
655 4352 682 4425 (f
695 4353 798 4409 ffucrfr.
814 4355 862 4424 tr).

1109 3167 1181 3237 tltctl
1203 3169 1258 3222 duo
1284 3168 1372 3238 augeli
1394 3169 1440 3238 qui
1463 3167 1611 3222 Cherubim
1629 3168 1787 3223 dicebantur.
1806 3165 1836 3218 Et
1855 3165 1878 3218 iu

1109 3259 1195 3328 priori
1205 3259 1315 3329 quidem
1326 3260 1502 3314 tabernaculo
1512 3260 1635 3330 quotidie
1644 3261 1790 3316 sacerdotes
1798 3257 1881 3314 sacrifi-

1110 3349 1220 3415 cabant3
1238 3349 1403 3404 insecundo
1424 3361 1515 3402 autem
1539 3349 1623 3404 semel
1641 3350 1669 3404 in
1686 3365 1754 3404 anno
1777 3362 1880 3402 summus

1116 3439 1238 3513 puratifcx
1254 3442 1364 3495 vitulam
1380 3439 1468 3495 rufam
1485 3455 1534 3510 pro
1545 3441 1620 3495 ornni
1633 3442 1736 3512 populo
1748 3437 1882 3493 imnmlabat

1121 3532 1191 3588 fieb.
1208 3533 1256 3602 rx).
1270 3531 1327 3588 lloe
1340 3529 1544 3588 tabernaculum
1563 3533 1674 3612 Moyses
1692 3534 1804 3588 inaximo
1823 3532 1881 3586 cultu

1110 3626 1254 3692 dedicarit,
1268 3635 1295 3680 ct
1312 3642 1432 3681 annuam
1448 3625 1623 3682 festivitatem
1651 3626 1752 3697 populo
1775 3624 1883 3680 celebrari

1107 3718 1257 3774 coustituit.
1275 3717 1307 3772 Et
1321 3717 1479 3773 ditissimus
1495 3733 1574 3772 suum
1587 3716 1790 3772 tabernaculum
1802 3716 1884 3770 saneti·

1108 3808 1210 3876 ficarit,
1235 3809 1345 3879 quando
1369 3809 1500 3880 Spiritum
1525 3818 1654 3864 sanctum
1678 3805 1879 3871 mittensbulc·

1108 3902 1177 3958 amru
1200 3917 1214 3956 a
1235 3904 1354 3971 pcccatis
1374 3903 1508 3972 purgarit,
1526 3911 1553 3956 ct
1570 3902 1657 3956 multa
1686 3901 1842 3956 cbarismata
1859 3913 1883 3950 ac

1109 3994 1251 4049 scientiam
1268 3995 1393 4050 ornninm
1407 3995 1561 4066 linguarum
1575 3993 1600 4050 ci
1611 3993 1736 4047 densauit.
1750 3991 1884 4046 Secundum

1110 4068 1182 4138 lianc
1200 4082 1316 4138 furatam
1338 4085 1506 4140 tabernaculi
1524 4083 1668 4150 Salomon,
1686 4095 1716 4139 ut
1732 4085 1827 4139 dictum
1843 4091 1883 4144 est,

1111 4172 1241 4242 terrrplum
1255 4172 1408 4228 aedificarit.

1450 4280 1559 4320 arnusto.

1144 4351 1299 4422 Templum,
1314 4356 1414 4426 quoda
1427 4353 1577 4412 Salomone
1592 4367 1697 4428 septem
1714 4357 1794 4412 antris
1810 4353 1887 4408 lliero

303 4445 411 4514 Omnia,
439 4448 539 4505 fratres
569 4446 736 4512 clarissimi,
763 4445 834 4502 facta
848 4445 916 4516 legis
940 4445 1059 4516 antiquae
1074 4457 1096 4511 1)
1111 4445 1223 4516 solymis
1238 4447 1399 4515 aedificatur,
1412 4457 1454 4504 est
1466 4447 1600 4516 Ecclesia,
1613 4465 1675 4519 quac
1689 4465 1705 4504 a
1719 4464 1784 4503 rere
1794 4446 1887 4517 pacifico

268 4551 332 4596 sum
348 4544 434 4613 figura
448 4542 515 4614 legis
530 4559 618 4610 ruorac,
629 4551 656 4598 et
670 4551 782 4613 propter
799 4555 849 4596 ros
869 4540 1057 4602 commendata

268 4634 415 4688 memoriae.
444 4634 573 4689 Salmnun
597 4635 689 4704 itaque
703 4633 750 4704 qui
772 4634 883 4690 domum
907 4629 1015 4686 bomini
1031 4630 1058 4689 itt

269 4722 438 4786 llierusalrm
458 4735 561 4795 septem
585 4726 665 4781 antris
690 4726 849 4790 aedificarit,
869 4733 966 4781 octauo
985 4735 1057 4779 anrro

269 4815 329 4884 ipse
354 4824 380 4871 et
417 4817 463 4871 frlii
500 4815 582 4872 lsrael
618 4832 678 4876 earu
716 4816 832 4873 licutino
852 4816 1056 4872 dedicatorum.

269 4905 345 4964 Fecit
384 4922 449 4978 ergo
490 4907 619 4962 Salomon
656 4908 683 4962 in
719 4909 762 4967 die
800 4909 847 4967 illo
883 4908 1056 4964 festivitatem

269 4997 414 5061 celebrem,
449 5007 477 5053 et
514 5000 604 5055 omnis
629 5000 711 5056 lsrael
749 5017 811 5056 curn
841 5015 874 5055 co
912 5000 1057 5056 multitudo

269 5104 379 5159 nragna.
388 5089 421 5143 lit
431 5091 519 5146 oravit
529 5108 576 5146 rex
589 5093 622 5148 ad
631 5093 775 5149 Dominum
786 5093 880 5148 diceus
893 5108 899 5144 :
913 5111 922 5142 r
942 5090 1057 5161 Exaudi,
1077 5123 1081 5130 ·

269 5181 396 5247 Domine,
426 5184 578 5239 orationem
608 5201 690 5254 qrram
724 5195 784 5240 orat
807 5200 902 5239 scmus
938 5193 1001 5241 tuus
1030 5184 1057 5239 in

269 5274 398 5337 locoisto
414 5281 444 5328 ut
467 5275 597 5333 exaudias
611 5276 761 5350 orationem
785 5274 878 5344 populi
899 5274 938 5328 tui
964 5272 1057 5340 lsrael,

269 5365 452 5436 quodeunque
466 5367 585 5423 oraverit
599 5369 625 5421 iu
650 5367 711 5422 loco
723 5367 787 5432 isto,
803 5375 830 5420 et
843 5380 905 5421 cum
927 5365 1056 5430 audieris,

269 5457 405 5533 propitius
421 5458 486 5514 eris.
499 5457 608 5526 Quodsi
622 5458 773 5529 peccaverit
787 5457 834 5511 tibi
854 5459 919 5529 (non
931 5467 972 5513 cst
983 5458 1057 5510 euim

270 5547 354 5604 bomo
376 5549 424 5618 qui
442 5563 497 5603 non
524 5553 637 5620 peccet),
654 5550 792 5622 egeritque
817 5549 1015 5618 paenitentiam,
1032 5557 1059 5603 et

270 5640 390 5699 urarcrit
405 5649 440 5706 te,
457 5643 647 5711 propitiaberis
661 5643 762 5713 populo
776 5651 834 5708 tuo,
855 5641 919 5711 quia
936 5641 1059 5711 peccarit

273 5731 558 5812 militinensem.
577 5753 586 5786 ι
616 5734 740 5806 Dixitque
761 5734 894 5792 boruiuut
920 5733 1031 5788 adeum
1050 5746 1057 5784 ι

1111 4538 1280 4610 Cirristopcr
1302 4550 1404 4612 septem
1429 4541 1501 4597 dona
1520 4542 1640 4612 Spiritus
1661 4543 1754 4597 sarrcti
1781 4537 1888 4595 incelis

1110 4629 1270 4686 collocatur.
1302 4630 1381 4698 Quod
1406 4646 1440 4687 ex
1464 4631 1612 4702 lapidibus,
1639 4641 1666 4686 ct
1690 4633 1782 4687 cedris
1795 4639 1820 4685 et
1836 4642 1889 4688 aum

1109 4721 1351 4791 construiturllll
1366 4722 1429 4794 fleg.
1444 4721 1516 4794 rtur),
1528 4723 1592 4795 quia
1605 4739 1636 4780 ex
1651 4723 1744 4780 tribus
1756 4722 1889 4785 ordinibus,

1109 4813 1216 4870 scilieet
1229 4829 1262 4872 ex
1286 4816 1451 4888 coniugatis,
1472 4832 1506 4872 ex
1521 4818 1731 4874 continentibus
1749 4831 1776 4872 et
1790 4834 1821 4872 ex
1840 4831 1892 4870 cuu-

1109 4906 1276 4976 tcmplatirfs
1308 4909 1419 4963 coelcstc
1448 4908 1592 4964 edificium
1626 4908 1756 4978 erigitur.
1792 4906 1892 4976 lapides

1110 4995 1891 5070 scetisuutperpaenitentiamadlrancstructuramclectu

1108 5089 1195 5146 Porro
1217 5092 1344 5162 qutadrati
1358 5101 1422 5149 sunt
1445 5104 1562 5163 quatuor
1577 5093 1740 5160 uirtutibus,
1763 5089 1893 5162 prudentia

1109 5181 1243 5250 uidelicet,
1254 5183 1425 5248 fortitudine,
1437 5175 1543 5255 justitia
1557 5195 1584 5239 et
1599 5185 1794 5254 temperantia,
1809 5182 1839 5236 ad
1852 5182 1893 5232 boc

1108 5272 1253 5329 editicium
1266 5276 1421 5344 praeparati.
1436 5274 1463 5329 ln
1475 5287 1571 5330 octavo
1585 5285 1674 5329 autem
1693 5291 1771 5328 anno
1789 5273 1893 5328 aedilba-

1111 5363 1192 5419 tionis
1205 5365 1298 5436 templi
1317 5365 1388 5420 farta
1410 5374 1452 5420 est
1474 5367 1651 5422 dedicationis
1665 5363 1818 5426 festinitas,
1840 5362 1894 5430 qrriu

1109 5463 1171 5526 post
1182 5463 1288 5526 tempus
1310 5456 1393 5526 liujus
1404 5457 1477 5526 ritae,
1489 5457 1561 5528 quod
1584 5466 1685 5527 septum
1704 5455 1806 5510 dicbus
1818 5453 1895 5523 agitur

1110 5555 1137 5600 ct
1161 5562 1209 5616 per
1223 5557 1325 5618 septem
1349 5565 1436 5604 arrrros
1461 5549 1627 5620 designatur,
1647 5550 1782 5610 seouitur
1798 5561 1896 5602 sumum

1111 5639 1243 5702 festivitas
1262 5660 1386 5716 superne
1402 5643 1581 5708 llierusalem,
1594 5659 1653 5715 quac
1665 5643 1857 5698 celebrabitur
1873 5638 1895 5691 in

1111 5741 1207 5792 eclaro
1218 5752 1300 5806 arrno,
1316 5736 1343 5793 id
1358 5748 1397 5796 est
1410 5737 1437 5792 in
1453 5735 1542 5795 futura
1556 5736 1774 5802 resurrectione.
1789 5735 1821 5791 br
1837 5735 1896 5790 sirm
