4017 6342
267 341 338 401 ΗΜ
833 297 1013 373 trunsum
1032 316 1179 374 lauans
1199 315 1228 375 s.
1250 314 1362 371 blastl
1860 314 1918 376 nu

268 456 412 528 wqpqnam
424 456 530 507 (mmm,
549 440 699 514 Augentum
714 410 920 487 AEattttturnm
944 434 1074 504 olleruot,
1092 441 1190 497 tcum
1212 447 1309 505 magna
1328 428 1488 485 ‹lifficoltate
1507 428 1667 500 dignitates,
1683 428 1726 483 vel
1735 427 1862 499 quaelibet
1880 446 1918 486 eu-

269 550 335 605 dum
352 544 506 601 saecularem
521 528 705 607 eloquentiam
718 508 751 569 Ν]
765 508 922 580 utilbatem
944 526 1075 583 Ecclesiae
1125 527 1181 597 pita
1195 526 1361 595 assequitur,
1378 530 1405 578 et
1415 536 1464 593 per
1473 521 1569 577 cadem
1583 520 1618 576 ad
1634 521 1690 576 ima
1711 521 1812 578 inferni
1823 524 1918 580 dimcr·

271 644 442 695 conuertunt.
457 630 584 687 Gemmas
599 625 711 681 illorum
730 606 852 680 dottam,
871 617 940 675 dum
964 631 1075 676 senten·
1125 622 1207 693 gitur.
1221 617 1306 688 Cujus
1330 631 1396 672 uero
1416 616 1497 686 jccur
1517 614 1611 669 uultur
1632 616 1765 682 uescitur,
1788 624 1816 671 et
1830 618 1916 672 denuo

272 731 325 785 tias
336 730 403 783 benc
412 722 569 795 prolatasad
578 708 796 775 cntiortuttonem
805 712 1073 775 proximorumuar-
1125 724 1291 765 reurrescere
1316 709 1413 773 lemur,
1438 716 1480 761 cst
1497 706 1521 761 is
1545 708 1579 762 de
1597 707 1679 777 caius
1704 710 1797 765 cordis
1816 711 1918 771 luxuria

273 815 566 873 fqnqtestesoorum
586 809 716 868 oderunt,
735 796 801 851 clam
832 806 961 875 excurpla
988 805 1074 875 qenti·
1125 800 1260 871 pascitur,
1283 808 1310 854 et
1330 799 1437 869 expleta
1463 799 1700 869 concupiscentia,
1727 800 1826 857 iterum
1854 803 1925 862 loeda'

231 923 232 926 ¹
272 908 340 963 lium
356 906 389 959 ad
401 904 582 959 imitationem
606 896 740 955 iratribus
757 888 894 950 releuant.
910 896 948 966 lu
974 912 1073 967 magua
1125 894 1210 947 libido
1225 892 1388 948 renascitur.
1404 890 1432 945 ln
1440 891 1534 961 jecore
1545 893 1618 946 enim
1630 902 1674 947 est
1684 896 1916 965 concupiscentia;

271 995 510 1053 enintdomonon
528 994 618 1049 solum
644 996 1005 1060 rasaautcactargcutca,
1026 988 1073 1043 scil
1124 988 1217 1041 vultur
1242 1002 1306 1042 uero
1331 994 1406 1040 amat
1431 995 1604 1040 mortuorum
1630 987 1776 1042 cadavera.
1807 988 1846 1045 bc
1874 990 1916 1047 bat

274 1086 358 1139 ctiam
375 1085 462 1139 lerrca
477 1083 608 1138 ctllctilia
623 1081 860 1163 suuttneccssuria
883 1080 926 1151 (ll
947 1080 1016 1136 Tim.
1030 1080 1071 1143 u).
1124 1088 1200 1150 pcste
1224 1080 1323 1132 iterum
1352 1079 1448 1133 dicunt
1472 1078 1546 1148 quod
1568 1077 1681 1133 bledusa
1704 1082 1815 1152 egregia
1837 1080 1916 1138 lornu

274 1176 380 1235 Romus
394 1194 492 1248 utaque
508 1186 549 1231 est
565 1175 696 1231 Ecclesia.
713 1170 784 1227 Vasa
798 1188 882 1229 aurco
894 1184 920 1229 et
934 1186 1072 1246 argentea,
1124 1172 1259 1243 plurimos
1274 1172 1307 1226 ad
1323 1186 1445 1225 amorem
1460 1172 1503 1225 sul
1523 1170 1696 1226 incitaverit:
1709 1189 1772 1243 quae
1786 1189 1883 1231 omues
1894 1193 1917 1231 se

275 1278 341 1324 sttttt
364 1284 450 1324 sacrae
477 1266 649 1335 aucmritatis
664 1262 816 1319 uolumina.
834 1262 906 1319 Vasa
931 1264 1020 1319 ferrea
1045 1275 1073 1321 ct
1124 1263 1261 1318 intuentes
1276 1263 1303 1316 in
1319 1277 1385 1317 sara
1403 1263 1625 1317 commutaverit.
1644 1261 1683 1318 De
1708 1263 1793 1331 liujus
1812 1263 1881 1319 laeie
1894 1282 1917 1321 so

275 1360 372 1413 ilctilia
384 1367 448 1413 sunt
462 1356 635 1412 seculiarium
648 1354 749 1424 scripta
763 1354 797 1408 od
816 1355 953 1410 exteriora
979 1371 1073 1411 ueces-
1124 1354 1243 1409 Perseus
1259 1355 1420 1426 crystallino
1435 1355 1530 1426 clypco
1544 1356 1672 1424 proterit,
1690 1371 1809 1426 eamque
1825 1356 1916 1414 falcato

275 1451 362 1507 saria.
378 1448 455 1509 Sicut
469 1450 541 1504 enim
556 1463 654 1503 aurum
670 1462 719 1517 per
732 1444 1021 1517 serrumspleudcscit,
1033 1446 1073 1501 sic
1124 1462 1190 1503 eusc
1205 1447 1351 1503 interemit.
1367 1446 1430 1504 llaec
1446 1447 1547 1503 semina
1562 1458 1604 1505 est
1620 1450 1731 1505 luxuria
1746 1467 1810 1521 quae
1824 1466 1855 1506 se
1866 1450 1914 1507 ior-

278 1556 356 1596 sacua
370 1538 511 1611 Scriptura
528 1554 575 1608 per
594 1538 741 1593 saeculares
762 1537 922 1607 disciplinas
936 1536 1072 1608 lttlgescit.
1125 1556 1231 1595 mosam
1249 1540 1326 1610 lingit
1350 1556 1397 1609 per
1411 1541 1554 1595 bominum
1568 1552 1691 1611 pectora.
1712 1540 1768 1597 Sed
1787 1559 1818 1597 se
1837 1546 1914 1615 inspi·

277 1630 409 1687 Tratlitur
430 1632 512 1685 ctiam
534 1630 607 1701 quod
622 1630 725 1685 reuersi
739 1645 754 1684 a
769 1630 923 1699 captivitate
942 1630 1074 1701 templum
1125 1632 1228 1686 cientes
1242 1631 1269 1684 in
1283 1631 1387 1701 lapides
1400 1641 1561 1700 commutat,
1575 1634 1640 1704 quia
1660 1634 1745 1689 corda
1761 1634 1914 1691 libidinoso·

276 1722 325 1777 liei
339 1722 560 1778 reaedtttcarertnt
572 1736 619 1792 por
630 1722 774 1792 pecuniam
789 1737 872 1791 quam
889 1723 959 1791 apud
986 1722 1075 1797 llaby-
1126 1738 1251 1793 rumpet
1273 1723 1447 1778 dilectionem
1474 1725 1594 1779 indurat.
1616 1726 1660 1780 Ab
1682 1726 1736 1781 bac
1753 1744 1784 1783 se
1806 1727 1914 1785 Perseus

275 1814 379 1871 leniam
391 1813 581 1883 acquisierint.
595 1812 673 1885 Apud
689 1812 855 1883 babylonios
868 1814 967 1884 captivi
979 1824 1075 1870 tenen·
1089 1802 1110 1859 Β
1125 1816 1283 1888 crystallino
1297 1815 1391 1886 clypco
1403 1817 1529 1888 protegit,
1544 1818 1608 1887 quia
1624 1817 1667 1872 uir
1684 1817 1765 1873 lortis
1784 1822 1913 1890 speculum

277 1906 391 1977 tarqui,
408 1922 422 1961 a
437 1906 488 1961 lide
502 1904 643 1959 Catlrolica
667 1905 818 1971 deviantes,
838 1906 910 1975 apud
931 1908 1074 1965 hereticos
1125 1908 1257 1963 uirtutum
1282 1909 1427 1964 intendens
1442 1910 1477 1963 ab
1491 1909 1574 1979 liiijus
1588 1910 1688 1964 intuitu
1712 1912 1818 1967 uult-uu
1832 1912 1916 1967 cordis

275 2000 320 2054 uel
335 2016 350 2055 a
364 2009 458 2055 sancto
469 2000 609 2071 proposito
622 2005 818 2067 apostatantes,
835 1998 906 2069 apud
930 2000 1075 2055 saculares
1125 2002 1232 2056 avertit.
1254 2000 1367 2057 Falcato
1390 2016 1456 2057 ense
1482 2017 1542 2056 eam
1571 2002 1716 2069 interimit,
1742 2004 1808 2073 quia
1828 2005 1914 2060 timore

276 2092 447 2161 inruptione
470 2090 625 2144 daentonum
639 2087 784 2144 ltabentnr.
802 2086 855 2154 Qut
874 2089 897 2143 si
911 2086 967 2143 lleo
982 2090 1074 2159 propi·
1125 2094 1219 2148 aterni
1231 2094 1302 2165 iguis
1322 2110 1383 2149 eam
1406 2110 1421 2149 a
1445 2108 1475 2149 sc
1491 2094 1618 2149 abscidit.
1644 2090 1725 2149 Unde
1736 2095 1838 2165 legitur
1851 2098 1914 2165 quod

276 2184 315 2239 tio
327 2184 360 2239 ad
378 2182 560 2247 llicrusalem,
573 2180 676 2236 scilicet
690 2181 724 2236 ad
738 2188 853 2235 matrem
866 2178 1015 2237 Ecclesiam
1031 2196 1073 2235 re·
1125 2185 1236 2256 qnidam
1248 2184 1360 2241 Patrum
1372 2185 1515 2256 parvulum
1526 2185 1612 2240 filium
1628 2186 1656 2239 in
1675 2202 1773 2241 eremo
1788 2187 1912 2248 nutrierit.

274 2274 345 2331 uerti
366 2275 476 2341 luerint,
489 2282 515 2328 ct
528 2274 603 2329 utilia
616 2290 677 2344 quae
694 2272 761 2328 loris
772 2272 926 2340 didicerint,
938 2273 971 2327 ad
988 2272 1074 2327 aetttt-
1124 2288 1205 2344 quem
1217 2274 1341 2330 adultum
1356 2276 1464 2331 luxuria
1483 2276 1644 2331 titillaverit.
1660 2274 1745 2331 Pater
1758 2286 1849 2332 antem
1860 2278 1914 2347 jus·

273 2368 411 2423 sationem
422 2368 609 2437 proximorum
621 2364 792 2437 protulerint,
806 2364 927 2435 prolecto
940 2364 1072 2433 templum
1125 2368 1160 2422 sit
1174 2382 1235 2421 euin
1251 2366 1285 2439 iol
1299 2384 1422 2422 cremum
1442 2367 1569 2423 secedere
1583 2376 1610 2422 et
1629 2368 1722 2422 solum
1736 2368 1850 2438 jejuniis
1862 2385 1915 2423 ota·

276 2460 333 2515 Deo
346 2474 378 2515 cx
392 2460 507 2530 pecunia
528 2466 702 2525 consumunt,
722 2472 805 2528 quarn
820 2457 891 2526 apud
907 2454 1072 2528 babylonios
1124 2458 1244 2513 tionibus
1261 2474 1295 2512 ιι
1307 2458 1522 2513 dicbusuacarc.
1548 2457 1671 2529 Euplctis
1685 2472 1755 2512 rero
1774 2475 1810 2513 xx
1830 2460 1913 2514 dicius

276 2550 376 2605 lucrati
392 2558 465 2606 suut.
487 2549 515 2604 lu
529 2550 587 2621 lege
601 2563 709 2621 quoque
726 2547 884 2619 praecipitur
906 2549 928 2603 si
954 2548 1073 2619 populus
1123 2551 1333 2606 vidittctramct
1345 2550 1557 2606 nimisloetidam
1568 2552 1715 2606 mulierem
1731 2553 1914 2621 nudamsuper

275 2642 414 2699 ciuitatem
440 2642 588 2707 obsideret,
614 2654 641 2696 ct
665 2640 764 2711 aliquis
788 2640 904 2711 puellam
928 2641 1071 2711 pulchram
1123 2642 1508 2713 seirruere,cujusletorem
1534 2642 1606 2697 lerre
1629 2660 1685 2697 non
1704 2644 1803 2698 salens
1815 2644 1914 2714 capita
1990 2649 1991 2652 ’

275 2732 348 2803 apud
361 2734 454 2788 hostes
474 2734 653 2803 conspssccrct,
668 2748 773 2804 urrgaes
785 2742 812 2787 et
822 2733 913 2789 crines
928 2733 988 2803 ejus
1000 2748 1071 2802 prm·
1123 2748 1152 2789 sc
1163 2734 1303 2804 repellere.
1312 2739 1346 2789 At
1357 2734 1402 2788 illa
1414 2752 1442 2790 :r
1457 2734 1524 2801 Cirr,
1533 2733 1687 2805 inquitate
1705 2734 1816 2789 interim
1828 2736 1915 2789 erbor-
1990 2735 1991 2790 ἶ

275 2826 518 2895 seidcret:postea
540 2824 885 2893 uxoremducerettllcut.
907 2827 977 2895 xxi).
998 2824 1072 2880 Ciri·
1122 2828 1421 2897 rcscis,cujusamoro
1450 2827 1752 2883 tamuminardeseis?
1773 2827 1913 2898 Egocnim
1990 2849 1991 2860 κ

275 2928 360 2973 tatem
385 2916 544 2973 obsidemus
568 2918 632 2973 dunt
656 2917 775 2989 aliquam
800 2932 848 2987 per
873 2918 999 2972 heresim
1028 2917 1071 2972 rel
1122 2934 1183 2974 sum
1197 2920 1315 2975 luxuriae
1329 2920 1430 2990 imago,
1446 2934 1508 2989 quae
1526 2919 1616 2974 dulcis
1632 2920 1660 2972 in
1673 2920 1818 2975 bominum
1828 2920 1915 2974 cordi·

274 3024 397 3065 errorem
420 3009 561 3078 gentilium
587 3010 695 3080 scriptis
721 3010 762 3064 sel
783 3008 967 3079 disputatione
985 3010 1072 3079 impu·
1124 3013 1177 3068 bus
1192 3028 1319 3084 appareo.
1345 3012 1379 3066 Et
1394 3014 1447 3067 uisi
1470 3013 1539 3083 patri
1563 3022 1612 3067 tuo
1638 3012 1790 3079 obedisses,
1806 3014 1874 3067 sicut
1890 3020 1917 3066 et

275 3116 403 3171 geramus.
424 3100 543 3155 Paullum
559 3102 700 3171 pulchram
722 3102 795 3171 apud
811 3118 859 3156 eos
873 3102 1070 3171 conspicimus,
1123 3106 1168 3161 alii
1180 3122 1215 3173 ,a
1243 3122 1287 3162 mc
1307 3114 1462 3177 prostratus
1485 3121 1571 3161 esses.
1591 3104 1664 3160 illle
1677 3122 1740 3176 crgo
1753 3114 1842 3175 grates
1863 3104 1916 3158 ileo
1990 3115 1991 3124 ¹

275 3206 338 3245 cum
351 3192 471 3261 aliquam
486 3192 647 3245 seutentiam
661 3191 728 3245 bene
745 3192 779 3245 ab
791 3191 831 3246 cis
847 3191 980 3262 prolatam
994 3191 1071 3246 inue—
1121 3198 1224 3263 rettulit,
1242 3198 1289 3269 qul
1303 3214 1365 3253 eum
1379 3197 1500 3268 aspiritu
1514 3196 1824 3267 loruicationiseripuit.
1834 3196 1916 3252 llnlta

275 3284 377 3338 trimus.
386 3282 435 3337 Cui
447 3282 577 3337 debemus
591 3298 696 3354 tutiques
707 3292 733 3337 ct
745 3284 834 3338 crines
846 3284 1071 3353 praescinderem
1122 3290 1173 3345 ulia
1190 3289 1314 3360 exempla
1331 3290 1469 3344 deducunt
1481 3304 1532 3345 uos
1545 3289 1578 3343 ad
1593 3290 1656 3344 rite
1667 3290 1777 3344 itinera.

276 3374 316 3431 sic
340 3375 419 3431 uobis
438 3374 613 3445 conjungere,
631 3375 694 3445 quia
715 3375 851 3445 superllua
875 3384 903 3429 et
928 3378 1071 3429 contrali-
1156 3373 1266 3446 Legitur
1289 3376 1362 3446 quod
1393 3375 1504 3445 quidam
1529 3372 1644 3430 Patroni
1673 3391 1823 3447 egressus,
1852 3377 1916 3431 ridit
1990 3409 1991 3422 .

275 3468 336 3523 dem
351 3468 438 3539 poita
454 3468 586 3523 debemus
598 3482 739 3536 spernere;
758 3468 827 3522 benc
841 3476 931 3523 aulem
943 3467 1026 3534 dieta,
1044 3476 1071 3522 et
1120 3466 1265 3535 quamdam
1282 3465 1438 3536 AEtltiopem
1452 3467 1480 3521 in
1498 3467 1567 3522 silva
1584 3466 1658 3539 ligna
1673 3467 1869 3541 succidentem,
1883 3482 1915 3522 ae
1990 3503 1991 3508 κ

276 3560 338 3614 lidci
362 3570 462 3614 orostrae
486 3560 599 3614 minime
617 3560 753 3615 contraria
769 3561 803 3615 atl
814 3561 1021 3617 instructionem
1036 3562 1071 3616 ll-
1120 3560 1203 3630 ligata
1216 3560 1306 3616 levare
1316 3558 1629 3625 tentantemouaedum
1643 3560 1804 3615 riderentur
1816 3560 1914 3632 grauia,

277 3650 377 3705 delium
392 3650 470 3705 lbi-is
484 3650 585 3705 nostris
602 3650 731 3706 interere.
1120 3650 1273 3706 dissolvens
1281 3651 1461 3705 auritonera.
1471 3648 1575 3704 Etcum
1585 3658 1651 3703 tuuc
1659 3649 1750 3720 magis
1758 3658 1915 3704 esseutooe·

313 3744 442 3797 Scribunt
468 3743 560 3814 itaque
581 3744 734 3815 pltilosopbi
749 3746 822 3815 quod
839 3745 938 3800 mulier
953 3754 1020 3801 rotae
1033 3746 1072 3801 in·
1120 3756 1194 3807 rosa,
1211 3738 1315 3795 addens
1329 3739 1393 3795 lecit
1407 3756 1438 3795 ea
1453 3738 1649 3809 importabilia.
1666 3737 1915 3805 Quadrantem
1990 3807 1991 3818 ἵ

275 3857 345 3896 uera
358 3841 461 3913 jugiter
486 3842 707 3907 circumferatur,
732 3841 812 3911 ctrjtus
836 3848 917 3911 caput
944 3855 1017 3894 trtruc
1042 3839 1070 3893 in
1119 3834 1257 3902 nititur,a
1280 3833 1589 3903 pondereopprimitur.
1615 3831 1771 3887 llleantem
1794 3847 1916 3903 progres-
1990 3863 1991 3866 =

273 3935 329 3990 alta
345 3936 477 4009 erigatur,
505 3950 578 3990 nature
598 3936 625 3989 iu
642 3934 696 3989 ima
716 3934 899 4005 demergatur.
923 3932 991 3987 llota
1013 3933 1071 3987 ltaec
1120 3942 1169 3982 sus
1186 3927 1252 3981 cidit
1267 3927 1313 3981 ubi
1329 3926 1443 3992 quidam
1464 3940 1565 3996 aquam
1580 3925 1609 3979 in
1624 3939 1675 3979 vas
1689 3923 1841 3979 tundebat:
1856 3938 1916 3993 quae

274 4046 336 4101 quae
356 4028 474 4084 uoluitur
494 4036 536 4083 est
553 4028 637 4099 gloria
656 4028 738 4097 hujus
760 4026 870 4091 munuli,
892 4041 952 4095 quae
969 4024 1071 4095 jugiter
1120 4017 1210 4072 inlusa
1224 4018 1323 4073 subtus
1337 4016 1474 4082 effluebat,
1490 4016 1555 4087 qaia
1570 4032 1619 4070 uas
1633 4014 1752 4069 landum
1764 4031 1818 4069 nan
1834 4014 1916 4067 lrabe-

275 4119 475 4174 cirrumlertur.
490 4116 583 4173 liulier
600 4126 666 4173 rotae
680 4118 778 4171 inrtcxa
790 4124 842 4181 est,
858 4114 966 4169 lortuua
978 4115 1071 4186 gloriae
1120 4110 1176 4166 bat.
1192 4109 1313 4165 Alterius
1334 4110 1527 4180 progreditur,
1553 4116 1582 4165 et
1603 4124 1668 4163 eece
1682 4109 1740 4162 duo
1763 4107 1815 4161 niti
1833 4113 1915 4177 parta
1990 4169 1991 4182 .

274 4212 388 4267 iutexta.
403 4208 490 4281 llujus
511 4219 594 4281 caput
610 4209 758 4280 aliquando
784 4222 905 4275 sursum,
921 4204 1070 4277 aliquando
1119 4202 1238 4257 civitatis
1254 4203 1526 4273 appropinquabunt,
1543 4201 1590 4273 qui
1608 4202 1715 4272 lignum
1731 4211 1914 4256 transuersam

274 4300 361 4357 lcrttrr
380 4304 519 4369 deorsum,
535 4303 597 4372 quia
617 4301 739 4371 plerique
753 4300 892 4355 multoties
909 4299 1029 4368 potentia
1043 4307 1071 4353 et
1120 4303 1183 4349 aute
1197 4312 1226 4350 se
1239 4294 1373 4361 terebant,
1385 4302 1413 4349 el
1421 4304 1519 4350 neuter
1532 4295 1610 4350 alteri
1620 4296 1718 4350 rolens
1729 4296 1826 4350 cedere
1834 4292 1914 4346 aeolo

275 4394 377 4450 diuitiis
391 4395 546 4449 exaltantur
560 4410 566 4446 :
583 4407 653 4461 saepe
672 4392 753 4446 ctiam
777 4399 895 4462 egestate
909 4400 935 4445 et
949 4391 1068 4446 utiseriis
1120 4388 1387 4445 lorasremauebant.
1402 4387 1530 4458 AEtlriops
1542 4389 1590 4460 qui
1603 4398 1686 4458 anget
1698 4404 1770 4443 onus
1780 4388 1914 4454 lignorum

275 4484 464 4539 lrumiliautur.
481 4483 580 4539 Dicunt
593 4482 675 4537 etiam
692 4480 891 4552 quodquidam
909 4479 980 4551 apud
997 4480 1068 4535 iule-
1085 4490 1160 4566 Dcst
1177 4483 1200 4536 is
1224 4481 1271 4551 qui
1287 4495 1395 4550 semper
1410 4480 1532 4535 cumulat
1556 4482 1665 4551 pondus
1679 4489 1863 4550 peccatorum.
1882 4475 1915 4529 Et
1990 4519 1992 4560 2

275 4592 320 4633 ros
331 4576 477 4631 damnatus
489 4592 537 4647 per
549 4574 641 4630 radios
657 4582 722 4629 rotae
742 4573 777 4628 sit
800 4572 980 4638 divaricatus;
1007 4588 1069 4642 quae
1121 4588 1183 4629 cum
1197 4573 1242 4627 rix
1257 4572 1392 4628 sulliceuet
1407 4582 1516 4643 tempus
1528 4572 1563 4627 ad
1577 4573 1751 4628 emendanda
1768 4580 1915 4633 transacta,
1990 4567 1992 4638 ᾗ

272 4676 334 4722 rota
347 4668 407 4724 sine
424 4666 627 4723 intermissione
642 4664 677 4719 ab
690 4664 745 4719 alto
767 4664 867 4719 montis
878 4663 905 4717 in
920 4664 974 4718 ima
989 4664 1070 4719 uallis
1121 4680 1228 4735 semper
1243 4663 1336 4719 iulelix
1350 4679 1406 4719 nou
1428 4670 1520 4719 cessat
1534 4662 1634 4718 addere
1647 4664 1814 4727 recentiora,
1827 4674 1917 4728 usque

275 4759 389 4827 teratur,
400 4768 427 4814 et
438 4760 535 4814 iterum
548 4759 602 4813 alta
617 4768 741 4829 repetens
751 4755 842 4811 denuo
857 4756 1005 4810 relabatur.
1018 4754 1070 4810 Fe-

276 4861 338 4906 runt
350 4852 432 4906 etiarn
448 4852 521 4922 quod
537 4850 648 4921 qnidam
667 4850 702 4904 ibi
715 4864 813 4904 saxum
827 4848 852 4901 in
870 4848 956 4901 altum
968 4848 1070 4903 montis

275 4944 391 5010 evolvat,
411 4958 444 4998 ac
457 4944 564 5013 paudus
577 4942 636 4998 saxi
652 4940 807 4995 volventem
827 4939 860 4993 de
873 4938 975 4995 vertice
988 4954 1069 4994 mon·

275 5037 310 5090 tis
334 5034 500 5107 praecipitem
522 5034 614 5106 pellat,
640 5046 806 5101 rursumque
827 5031 909 5086 miser
928 5046 1025 5087 saxum
1041 5032 1068 5086 in

273 5126 361 5181 cltum
374 5127 504 5182 resoluat.
528 5124 652 5181 Tradunt
664 5126 763 5179 iterum
779 5123 852 5192 qaod
866 5123 1009 5193 cujusdam
1028 5124 1070 5195 je-

274 5232 324 5274 cur
338 5218 374 5274 ibi
387 5218 479 5274 sititur
493 5218 616 5283 excedat,
641 5214 786 5288 quodiam
811 5226 1003 5287 consumptum
1020 5218 1070 5272 itc-

273 5326 334 5367 rum
349 5312 532 5368 recrudescat.
547 5308 611 5364 llaec
623 5308 687 5377 quia
700 5304 810 5374 septiens
823 5308 893 5361 ratio
905 5308 1068 5379 composuit,

272 5404 352 5461 debet
364 5406 434 5461 scire
448 5412 538 5459 restra
554 5400 662 5456 dilectio
674 5396 742 5467 quid
755 5396 846 5451 velint.
859 5396 885 5452 ls
897 5398 944 5468 qui
960 5402 988 5455 in
1002 5410 1070 5455 rotae

1120 4756 1185 4810 dum
1200 4754 1418 4823 desperationem
1434 4753 1558 4809 incidens
1580 4754 1772 4823 peonitentiam
1789 4766 1840 4805 eon
1854 4764 1917 4802 me-
1990 4773 1992 4781 v

1121 4857 1206 4914 retur,
1226 4847 1274 4901 sed
1288 4847 1360 4902 mole
1382 4846 1529 4901 criminum
1555 4845 1582 4900 iu
1599 4854 1720 4899 mortem
1744 4840 1921 4913 deprimitur:

1120 4937 1268 4994 llleautem
1282 4939 1330 5009 qui
1355 4954 1455 5009 aquam
1475 4938 1534 4993 rasi
1559 4936 1645 4991 laudo
1659 4937 1766 4993 carenti
1783 4934 1919 4997 immittit,

1119 5042 1161 5088 est
1174 5032 1256 5101 isqui
1270 5032 1457 5102 eleemosynas
1471 5031 1514 5084 rel
1527 5031 1581 5084 alia
1596 5030 1690 5099 aliqua
1705 5030 1778 5085 bona
1788 5027 1919 5084 commit-

1120 5124 1162 5186 tit,
1176 5123 1222 5177 sed
1238 5138 1270 5177 ca
1294 5137 1343 5191 per
1357 5120 1559 5176 immunditiam
1574 5123 1616 5175 rel
1639 5122 1695 5174 alia
1719 5120 1784 5174 uitia
1803 5118 1919 5173 amittit.

1081 5225 1086 5234 ·
1120 5213 1199 5270 Unde
1226 5213 1357 5283 scriptum
1382 5219 1444 5268 est:
1473 5230 1483 5263 c
1508 5209 1695 5282 Congregarit
1711 5211 1868 5281 pecaniam,
1894 5216 1923 5261 et

1120 5306 1196 5361 misit
1208 5321 1269 5362 eam
1280 5307 1307 5360 in
1323 5319 1432 5362 saccum
1444 5312 1585 5374 pertmurn
1597 5304 1678 5373 (App.
1692 5304 1724 5371 a).
1741 5321 1751 5353 r
1766 5300 1920 5357 Pecuniam

1120 5400 1148 5454 ia
1164 5398 1303 5454 sacculum
1325 5405 1465 5467 pertusum
1486 5405 1635 5465 congregat
1649 5397 1698 5465 qui
1718 5396 1790 5450 bona
1803 5392 1922 5463 quide·

272 5497 404 5567 uertigine
420 5496 453 5550 de
469 5502 561 5549 moute
580 5491 607 5546 in
624 5490 678 5543 ima
697 5488 892 5558 praecipitatur,
908 5500 951 5547 est
964 5492 1008 5546 ille
1022 5492 1069 5563 qui
1119 5495 1272 5559 perpetrat,
1287 5486 1335 5542 sed
1356 5500 1388 5540 ea
1402 5484 1494 5555 prauis
1517 5484 1650 5553 operibus
1675 5484 1846 5554 coinquinat.
1863 5482 1922 5547 Qui

270 5592 304 5647 de
315 5588 459 5645 altitudine
469 5584 614 5657 potestatis
630 5581 673 5636 uel
688 5580 843 5636 diuitiarum
859 5582 886 5636 in
901 5584 1069 5652 protundum
1118 5596 1185 5637 acro
1197 5581 1269 5651 ligna
1283 5578 1405 5634 terebant
1417 5585 1616 5641 transuersum,
1635 5586 1705 5631 sum
1718 5576 1748 5631 bi
1761 5576 1811 5648 qui
1823 5574 1923 5630 lerunt

204 5682 208 5689 '
268 5679 375 5737 baratri
399 5692 517 5749 praeceps
529 5680 645 5729 rotatur.
664 5669 719 5735 Qut
736 5678 823 5725 autem
839 5688 937 5727 satum
950 5676 978 5729 iu
990 5680 1069 5730 mod·
1120 5672 1311 5744 grauejuqum
1326 5667 1468 5739 superbia.
1483 5665 1536 5733 Qui
1548 5668 1617 5721 dunt
1631 5666 1801 5723 alterutrum
1819 5666 1923 5723 cedere

270 5778 324 5825 min
340 5766 450 5831 euoluit,
468 5761 540 5833 quod
560 5763 653 5831 ipsum
670 5759 871 5824 mosteroluit,
900 5771 944 5817 cst
972 5764 996 5818 is
1021 5764 1068 5833 qui
1120 5764 1345 5833 nolunt,portam
1367 5758 1746 5834 coelcstisciritatisinqredi
1766 5768 1924 5837 neapote-
