4017 6342
239 319 317 376 qq„
362 298 369 310 ³
827 259 1025 354 Wnnnnm
1045 295 1190 354 annena
1210 297 1239 354 s.
1260 295 1370 355 nassa
1851 301 1910 360 tan

214 399 229 409 ··
254 413 327 508 tarot
351 434 383 490 ad
397 429 529 487 bominem
538 401 713 495 poccatorem
727 375 944 487 &Nissen
965 435 975 470 r
994 411 1080 474 llant-
1094 425 1117 484 Λ
1131 425 1175 472 est
1197 415 1419 472 consideratione
1434 411 1576 478 vinulam,
1602 411 1683 483 quast
1706 413 1830 484 quadam
1850 426 1910 476 stro

225 564 230 570 .
250 520 358 582 'testum
369 532 411 578 est
421 521 524 576 ludaris
546 513 653 578 semper
669 475 789 562 timum
830 494 947 563 ”disse
971 509 1014 564 rel
1028 524 1082 565 non
1134 514 1212 562 ctura
1226 505 1348 575 lapidum
1364 502 1550 574 spiritualium
1562 501 1706 569 millenia,
1721 503 1769 560 ubi
1783 507 1847 562 tldes
1859 510 1910 568 lon·

263 616 425 673 intellexisse
435 613 556 667 saltitem.
575 597 656 660 brido
669 579 750 642 ctiam
765 660 771 674 ,
797 567 912 653 (letes
925 599 1023 657 iratres
1039 594 1082 656 di·
1132 595 1291 653 dannennn
1306 595 1380 651 lacit.
1395 593 1465 666 Spes
1477 591 1610 650 fabricam
1622 594 1717 665 exigit,
1730 593 1909 658 charitasoon·

266 713 364 761 xerunt
374 705 501 758 adsersus
513 697 675 771 populorum
687 671 869 750 mmmmm
886 707 893 743 ε
911 711 921 744 r
935 692 1026 759 Quare
1039 695 1081 748 in·
1133 687 1344 746 summationem
1359 686 1485 756 imponit.
1503 683 1556 740 Sed
1569 685 1664 756 etipsa
1677 685 1801 744 Ecclesia
1811 706 1843 747 cx
1852 696 1909 750 nul·

263 795 359 850 ,cratem
381 793 414 847 ad
425 793 499 846 ciros
510 783 672 860 preputium
682 762 845 835 habentes,
867 767 1082 839 et‘nanducastt
1133 778 1250 834 titudine
1276 778 1396 834 bdelium
1422 778 1450 832 in
1478 792 1564 854 unum
1585 787 1751 850 congregata
1772 785 1907 846 estdomos

262 900 336 940 m,
350 880 591 954 qqqqqqqq01‚nq‚‚
1133 864 1181 924 bei
1204 885 1239 925 ex
1261 866 1332 928 ritis
1357 870 1497 942 lapidibus
1522 879 1700 938 constructa,
1729 874 1776 930 ubi
1798 874 1906 938 Cbrirtm

314 975 530 1030 «Stansautem
552 970 686 1025 taebaens
708 954 777 1017 dixit
799 957 847 1016 ad
864 963 961 1024 lesum
986 988 992 1023 :
1013 967 1083 1024 Ecce
1133 959 1342 1019 tundamentum
1372 964 1506 1034 angulare
1530 964 1708 1034 positnsest,
1725 966 1904 1039 duosparieter

278 1063 424 1118 dimidium
434 1063 570 1117 benorum
582 1069 719 1120 meorum,
741 1045 884 1124 Domine,
909 1058 1082 1130 dopanpcri-
1133 1050 1290 1108 ludaeorum
1302 1061 1328 1108 et
1345 1054 1467 1125 gentium
1484 1056 1511 1110 in
1531 1071 1584 1110 una
1602 1055 1655 1112 tide
1669 1053 1846 1130 coniungens.
1859 1061 1904 1120 iiu-

280 1155 351 1218 bns;
366 1153 427 1207 titi
445 1151 511 1221 (lull
522 1151 640 1220 aliquem
660 1138 841 1211 detractant,
860 1148 947 1204 reddo
961 1149 1083 1220 quadru-
1132 1144 1283 1215 tutilaque
1298 1145 1464 1202 sacramenti
1480 1147 1553 1218 quod
1571 1147 1599 1202 in
1616 1147 1790 1206 dedicatione
1804 1154 1903 1212 eoelesia

270 1243 370 1316 plum.
388 1261 398 1294 r
414 1241 548 1296 Zachaeus
559 1251 646 1305 stans,
660 1238 714 1293 boc
724 1244 766 1290 est
779 1231 807 1287 in
821 1233 879 1293 lide
897 1255 981 1311 quam
1002 1255 1084 1311 cepe·
1133 1235 1278 1291 exhibetur
1290 1235 1407 1290 formam
1419 1237 1541 1308 primum
1560 1239 1769 1309 proposuimus,
1786 1250 1813 1296 ut
1823 1243 1902 1302 deindo

288 1333 502 1402 ratpersistens,
525 1331 646 1386 ostendit
660 1346 690 1385 se
705 1328 820 1382 omnino
834 1345 897 1386 esse
918 1345 1082 1388 mnvcrsum
1135 1325 1279 1396 mysticam
1290 1325 1498 1397 intelligentiam
1518 1327 1581 1383 ttdct
1604 1344 1668 1398 quae
1684 1328 1713 1382 in
1733 1327 1778 1385 illo
1790 1329 1902 1390 formatur

279 1420 569 1479 .adllonnnum.·ldeo
583 1423 701 1492 siquem
720 1420 823 1490 aliquid
835 1421 1008 1479 defraudavit
1026 1423 1084 1478 red·
1134 1417 1324 1488 exquiramus.
1346 1416 1448 1474 Verum
1467 1420 1502 1476 dc
1516 1419 1560 1476 bis
1573 1435 1635 1491 qun
1651 1421 1822 1481 invisibiliter
1842 1431 1865 1482 tu
1877 1444 1900 1486 ca

279 1514 537 1586 ·ditqnndruplum‚
557 1515 622 1585 quein
643 1514 671 1568 in
686 1513 806 1584 antiquis
827 1513 957 1571 Ecclesiae
973 1515 1083 1570 statutis
1135 1518 1264 1580 aguntur,
1283 1511 1402 1581 primum
1416 1512 1570 1570 vittenreut·

288 1606 431 1662 decretum
447 1615 489 1662 est
512 1615 542 1661 ut
565 1606 613 1676 qui
628 1605 719 1659 aliena
735 1605 850 1670 inuadit,
865 1622 921 1660 non
936 1616 1016 1662 creat
1030 1607 1083 1662 im·
1147 1637 1150 1644 ·
1171 1601 1296 1658 Pontifex
1311 1619 1410 1675 aquam
1426 1606 1556 1677 primitus
1577 1607 1731 1676 benedicit,
1745 1612 1851 1682 typicum
1866 1618 1900 1670 sai

290 1701 552 1774 pu11i1u5,5edcairn
576 1698 806 1768 multiplicatione
835 1699 930 1754 omnia
946 1700 1082 1756 maritimo.
1137 1693 1302 1763 admiscens,
1315 1696 1414 1752 deinde
1432 1699 1579 1754 ecelesiam
1602 1699 1693 1770 ipsam
1705 1705 1856 1761 extrinsecus
1866 1719 1901 1762 tor

292 1793 321 1848 ln
334 1793 441 1865 legibus
463 1806 574 1864 quoqne
593 1789 686 1846 saculi
701 1797 813 1846 carnum
827 1791 959 1858 babetur,
984 1801 1015 1847 ut
1037 1794 1084 1865 qni
1100 1777 1121 1831 Β
1137 1787 1258 1858 antitodo
1269 1790 1400 1859 aspergit,
1416 1790 1490 1846 clero
1502 1799 1530 1848 ct
1544 1793 1648 1864 populo
1664 1794 1845 1866 subsequente.
1867 1797 1901 1852 ln·

292 1901 350 1945 rtm
364 1884 485 1954 subripit
495 1883 660 1950 alienamini
672 1883 855 1954 quadruplum
868 1883 1028 1940 cirestitnnt
1040 1885 1085 1940 cui
1136 1877 1215 1933 terim
1230 1892 1295 1934 xero
1314 1880 1341 1934 in
1356 1881 1473 1938 circuitu
1492 1883 1651 1942 dedicandae
1667 1887 1899 1948 ecclesinintn'use

292 1977 440 2048 subripuit.
453 1974 505 2031 Ubi
520 1983 610 2030 autern
625 1974 757 2030 Zacbaeus
769 1973 915 2029 dimidium
928 1991 1041 2030 suorum
1056 1992 1086 2032 so
1136 1985 1186 2028 uus
1201 1969 1344 2027 duodecim
1357 1987 1474 2029 accensa
1490 1984 1556 2030 sunt
1566 1975 1727 2032 luminaria.
1741 1976 1790 2033 l‘er
1801 1979 1898 2050 singular

290 2069 459 2141 parsperibns
473 2075 651 2140 erogaturum
667 2066 748 2122 laoile
761 2065 888 2137 spondet,
904 2075 935 2121 nt
949 2068 1032 2122 etiam
1043 2074 1086 2122 to·
1137 2067 1228 2115 autern
1243 2051 1317 2118 vices
1333 2063 1487 2134 adponam
1502 2065 1623 2123 basilicae
1638 2069 1762 2134 verricus,
1784 2086 1854 2142 quam
1872 2075 1898 2129 ob

291 2171 351 2215 tarn
363 2160 428 2214 dare
442 2174 498 2214 rron
513 2166 623 2214 recuset
639 2157 771 2213 insinuat.
1137 2151 1304 2206 sacramenti
1318 2151 1433 2222 liguram
1450 2155 1573 2212 clausam
1593 2171 1656 2213 esse
1667 2167 1784 2229 oportet,
1804 2163 1898 2231 percutit

331 2252 402 2306 abit
427 2249 508 2306 iesus
531 2249 564 2305 ad
585 2265 672 2305 cunr:
693 2247 763 2314 Quia
783 2247 864 2302 bodie
890 2248 965 2302 salus
990 2246 1085 2302 domui
1136 2241 1212 2312 virga
1228 2244 1358 2312 pastorali
1371 2261 1454 2316 snper
1468 2247 1692 2319 liminaroipsius
1706 2251 1815 2308 dicens:
1831 2253 1899 2310 ‹Tol-

292 2343 358 2399 lruic
374 2341 446 2398 lacta
461 2350 513 2407 est,
530 2339 648 2410 eoquod
667 2346 699 2394 et
718 2339 777 2408 ipsc
790 2337 863 2392 titius
877 2337 914 2392 sit
924 2337 1052 2392 Abrabae.
1073 2355 1082 2388 r
1140 2332 1187 2387 lite
1203 2345 1307 2404 portas,
1324 2336 1471 2407 principos,
1491 2347 1606 2407 testeus.
1624 2349 1653 2396 et
1669 2342 1820 2410 elevamini,
1834 2355 1900 2414 porta

291 2433 380 2489 Filius
391 2433 508 2487 Abrabae
519 2430 631 2497 dicitur,
642 2445 698 2484 non
713 2429 746 2483 de
756 2427 817 2498 ejus
829 2428 915 2498 stirpe
928 2434 1085 2497 gerneratus,
1137 2426 1290 2492 aeternales,
1313 2437 1339 2484 ct
1363 2429 1489 2485 introibit
1512 2446 1560 2488 rex
1590 2433 1685 2504 glorie
1699 2433 1783 2506 (erat.
1799 2441 1897 2504 arretii

292 2523 504 2593 setiejusbdem
520 2521 654 2576 imitatus.
669 2518 750 2575 Salus
769 2519 909 2589 qumolim
923 2516 1087 2573 letitiudao·
1136 2517 1188 2572 Cui
1214 2520 1348 2577 diaconus
1372 2521 1449 2579 intus
1475 2526 1583 2595 positus
1609 2528 1759 2597 respondet
1782 2547 1789 2584 :
1815 2548 1823 2582 r
1848 2530 1900 2598 Quis

292 2631 355 2672 rum
371 2615 453 2670 bodie
466 2614 556 2668 illuxit
572 2611 673 2683 populo
686 2611 828 2668 nationum
850 2610 971 2684 credenti
992 2611 1020 2664 in
1033 2609 1086 2666 lto·
1136 2618 1178 2666 cst
1210 2612 1261 2667 istc
1297 2627 1345 2668 rex
1381 2613 1495 2685 gloriael
1519 2616 1631 2687 (idid.)
1660 2637 1671 2671 ι
1710 2617 1828 2676 l’ontilea
1862 2639 1900 2677 au-

292 2710 410 2765 rninnm.
435 2705 514 2762 Unde
533 2705 682 2775 Apostolus
709 2721 716 2758 :
742 2701 881 2758 Stantem
904 2702 1083 2770 rosdlnisti,
1137 2711 1201 2758 tem.
1235 2722 1244 2756 (
1281 2703 1413 2762 Domitius
1441 2707 1574 2763 uirtutum
1605 2709 1665 2780 ipse
1695 2721 1737 2768 est
1765 2729 1809 2768 rer
1828 2714 1901 2785 gloria

292 2815 359 2874 erqo
373 2815 466 2858 semen
483 2799 599 2854 Abrabae
609 2797 695 2853 estis?
712 2795 785 2868 (Gal.
801 2795 855 2866 ιιι.)
883 2813 893 2848 (
910 2793 991 2850 i'cnit
1011 2797 1084 2851 enim
1137 2791 1238 2863 (ibid).
1255 2813 1265 2846 r
1287 2791 1379 2850 Tertia
1396 2794 1496 2853 deinde
1514 2797 1575 2853 rice
1589 2811 1713 2856 reserato
1735 2803 1812 2870 ostio,
1836 2803 1903 2858 intrat

291 2895 381 2952 Pilius
399 2892 519 2950 bominis
534 2906 657 2963 quarere
674 2897 700 2946 et
717 2890 823 2945 saluum
846 2887 937 2944 lacere
950 2887 1024 2957 quod
1037 2901 1084 2957 pc·
1137 2883 1257 2952 pontifex
1269 2900 1332 2940 eum
1348 2887 1422 2943 clero
1434 2897 1462 2943 et
1474 2890 1577 2960 populo
1589 2891 1687 2957 tertio,
1701 2892 1793 2949 diceus
1809 2914 1816 2948 :
1835 2913 1843 2944 ι
1860 2893 1905 2949 Pax
1983 2917 1984 2940 t

292 2987 388 3042 rietat.
407 2982 605 3038 terreamini:
621 3001 631 3034 r
649 2979 709 3036 Non
726 2981 788 3035 uerri
806 2994 906 3034 nccare
920 2977 1020 3050 justos,
1038 2977 1086 3033 scd
1138 2975 1203 3030 buic
1217 2975 1313 3033 domui
1336 2977 1413 3048 (Luc.
1433 2979 1498 3050 xl.»
1525 2979 1631 3038 Deinde
1652 2998 1716 3039 cunr
1737 2987 1905 3042 sacerdotibus

292 3082 451 3152 peccmores
462 3076 488 3130 in
501 3073 662 3146 poenitentia
674 3071 782 3144 (llnttb.
798 3072 876 3140 ιιι.»
1138 3075 1166 3122 ct
1191 3068 1279 3125 teritis
1297 3079 1325 3124 et
1349 3071 1458 3127 clericis
1481 3073 1514 3128 ad
1540 3073 1696 3131 orationem
1714 3079 1842 3146 sternitur,
1861 3095 1906 3150 pro

390 3164 506 3221 stttttttt
518 3164 550 3220 iN
564 3161 796 3219 lillblel'lONE
810 3159 1000 3216 ECCLESlAE.
1137 3159 1352 3218 sanctificatione
1365 3163 1452 3234 ipsius
1463 3163 1563 3223 domus
1574 3166 1739 3225 dedicandae.
1748 3169 1842 3228 Postea
1850 3189 1907 3229 cuo·

329 3257 368 3314 bc
381 3265 555 3314 sacramento
566 3255 747 3312 dedicationis
767 3254 901 3319 ecclesiae,
917 3254 944 3308 in
962 3268 1016 3324 qua
1034 3269 1087 3310 cm«
1136 3265 1252 3321 surgens
1264 3251 1299 3306 ab
1311 3249 1574 3311 orationc'nondum
1595 3258 1720 3314 salertam
1736 3261 1856 3331 populum
1870 3263 1906 3316 di·
1982 3315 1983 3324 ³

291 3359 351 3406 tera
362 3348 456 3405 omnia
468 3353 639 3402 sacramenta
653 3343 835 3407 celebrantur,
853 3343 1020 3414 loquendum
1036 3357 1082 3398 no.
1136 3342 1254 3399 cendum
1268 3341 1400 3400 Dominus
1412 3346 1565 3414 vobiscum,
1577 3368 1587 3400 r
1600 3353 1789 3407 tantummodo
1799 3353 1907 3410 bonatus

293 3439 516 3498 bisuideturbaec
527 3437 728 3509 ignorantibus.
742 3433 919 3490 Sacramenta
930 3435 1022 3505 itaque
1033 3435 1085 3490 alia
1136 3444 1251 3492 cunctos
1262 3437 1296 3493 au
1312 3438 1459 3494 orandum.
1478 3438 1527 3496 ttts
1546 3443 1692 3514 completis
1705 3444 1799 3516 incipit
1813 3445 1844 3501 dc
1854 3447 1907 3502 sini

294 3541 475 3590 constatesse
486 3530 593 3593 salutis,
606 3529 658 3583 alia
670 3526 926 3590 administrationis,
939 3527 992 3582 sliu
1008 3507 1086 3583 esdr·
1137 3538 1194 3585 etro
1218 3531 1319 3602 anqulo
1339 3532 1458 3588 basilicae
1486 3533 1522 3589 ab
1546 3535 1653 3592 oriente
1677 3553 1726 3606 per
1745 3538 1907 3608 pauimentum

293 3621 433 3680 ambonis
449 3639 457 3674 r
471 3618 564 3674 Prima
585 3619 619 3673 ad
646 3617 808 3682 remedium,
829 3617 947 3673 seeubda
971 3616 1005 3672 ad
1029 3616 1085 3673 olb·
1137 3621 1256 3677 scribere
1268 3622 1456 3693 alphabetum,
1473 3640 1563 3696 usque
1590 3626 1618 3681 in
1645 3627 1775 3684 dextrum
1797 3630 1907 3702 arpina

291 3716 381 3781 cium,
397 3711 476 3768 tortia
492 3712 526 3767 ad
541 3709 714 3766 exercitium.
731 3707 764 3763 Et
776 3708 822 3763 illa
838 3707 948 3779 quidem
960 3724 1022 3779 quae
1036 3709 1085 3766 ad·
1137 3713 1296 3783 occidentis,
1319 3730 1351 3770 ao
1373 3715 1500 3772 deindea
1516 3717 1614 3774 dextro
1641 3719 1746 3792 angulo
1765 3722 1868 3777 orientis
1886 3723 1907 3776 ir
1981 3743 1982 3764 t

290 3803 510 3864 ministrationis
535 3801 595 3858 sive
616 3799 825 3872 praeparationis
853 3811 919 3856 sum
941 3801 1086 3859 ordinibus
1137 3805 1281 3862 sinistrum
1296 3807 1457 3864 occidentis.
1482 3807 1587 3865 Detrinc
1601 3810 1636 3866 ad
1652 3813 1908 3870 altioraconsceudet

285 3897 453 3961 mirarere,
487 3890 619 3963 quoniam
643 3900 671 3945 et
694 3889 746 3960 ipsi
776 3891 886 3947 ordines
910 3905 1086 3949 sacramenta
1136 3905 1163 3950 ot
1175 3905 1251 3952 staats
1267 3907 1330 3952 ante
1344 3897 1545 3966 altare,lteum
1558 3900 1611 3956 sibi
1627 3901 1655 3956 iu
1671 3903 1908 3972 adiutoriumuocat

287 3997 372 4056 sunt,
378 3997 406 4044 et
415 3986 558 4058 quorcirca
566 3982 679 4039 ordines
687 3981 906 4047 considerantur,
919 3983 1011 4053 qualia
1024 3992 1087 4039 sunt
1136 3985 1250 4042 dicens:
1270 4005 1280 4040 (
1294 3987 1377 4056 bens,
1389 3989 1417 4044 in
1431 3989 1599 4060 adiutorium
1613 4007 1706 4048 meum
1717 3994 1823 4050 intende
1835 3993 1905 4064 (Pari.

293 4080 542 4138 indumentusacra
557 4081 705 4141 attornet
720 4075 889 4145 huiusmodi.
909 4073 1085 4143 llaecomnia,
1137 4079 1223 4150 arri).
1253 4099 1262 4132 r
1292 4079 1440 4152 complens
1456 4099 1566 4140 versum
1592 4101 1655 4141 cnm
1680 4087 1903 4150 cGtoriaPatri‚r

293 4183 367 4244 quac,
386 4179 416 4228 ut
430 4168 533 4224 dictum
548 4175 600 4234 cst,
613 4166 686 4220 circa
700 4165 774 4235 ipsos
786 4165 897 4220 ordines
909 4165 1088 4220 consideran·
1138 4168 1196 4223 sine
1209 4168 1344 4225 bllelluia.
1360 4170 1427 4228 Post
1438 4173 1496 4230 baec
1510 4190 1610 4245 uquam
1626 4176 1777 4247 benedicit,
1802 4177 1906 4233 salemon
1980 4151 1981 4172 ¹

282 4273 352 4326 tur,
364 4259 474 4316 divisim
490 4259 601 4315 tractari
622 4273 677 4313 non
690 4258 854 4313 debuerunt.
875 4257 935 4313 blla
954 4275 1021 4314 nero
1042 4275 1088 4316 sa·
1137 4257 1453 4319 cirreremadnriscenset
1464 4263 1737 4337 lacienstcrsignum
1748 4267 1905 4336 emeissuper

281 4363 436 4412 ‘eramenta
458 4352 551 4408 omtria
581 4351 614 4406 ad
645 4365 707 4420 quae
730 4349 899 4405 cobbeienda
924 4351 1088 4408 ctsauctill-
1138 4347 1235 4419 ipsam.
1248 4350 1298 4404 Cui
1312 4353 1435 4408 mistura
1448 4355 1542 4410 vinum
1561 4337 1643 4412 etiam
1658 4357 1779 4412 additur.
1795 4355 1905 4412 l'ostlma

290 4447 383 4508 canda
408 4446 550 4511 ‘unircrsm
576 4443 644 4497 ltrec‘
661 4441 741 4511 quasi
759 4443 884 4511 quaedam
903 4445 1085 4500 instrumenta
1101 4464 1123 4519 Ι)
1138 4441 1238 4511 tinguit
1250 4441 1364 4512 digitum
1391 4442 1418 4518 in
1436 4459 1520 4514 aqua,
1535 4453 1562 4499 et
1587 4443 1652 4500 tacit
1663 4461 1776 4502 crucem
1791 4462 1834 4517 per
1851 4460 1905 4515 qua·

284 4538 438 4610 ¹praemisse
463 4543 537 4598 sunt,
561 4533 762 4603 subsequenter
784 4534 897 4613 tractari
921 4545 1085 4604 exposcunt.
1137 4539 1201 4587 tuor
1218 4549 1321 4589 cornua
1336 4535 1442 4591 altaris.
1460 4535 1524 4591 lude
1537 4538 1611 4592 venit
1631 4545 1696 4592 ante
1714 4538 1814 4604 altare,
1826 4547 1850 4590 ct
1864 4537 1905 4588 cir·

286 4628 334 4695 ‚Et
343 4629 474 4700 primum,
491 4626 563 4683 sieut
573 4625 678 4681 dictum
694 4633 746 4692 cst,
760 4625 795 4680 de
809 4626 982 4681 dedicatione
997 4628 1087 4682 ccele-
1138 4623 1234 4678 eniens
1244 4625 1364 4696 aspergit
1376 4625 1441 4680 illud
1457 4637 1561 4698 septem
1577 4627 1697 4694 uicibus,
1718 4630 1862 4699 aspersorio
1871 4625 1904 4679 la·

295 4723 345 4778 sin
365 4720 445 4793 quasi
460 4720 494 4775 tle
507 4719 599 4791 primo
610 4717 783 4790 baptismate,
800 4732 856 4788 quo
877 4718 936 4788 ipsa
949 4719 1086 4790 quodum-
1138 4721 1182 4768 cto
1199 4715 1232 4770 do
1244 4715 1374 4786 byssopo.
1388 4715 1494 4773 Circuit
1510 4719 1610 4775 debinc
1630 4729 1671 4774 ter
1683 4729 1769 4776 totam
1784 4719 1905 4776 ecclesiam

296 4811 504 4868 madoccelcsia
522 4811 643 4882 primum
656 4810 821 4882 baptizatur,
841 4819 871 4864 ut
883 4809 911 4863 in
923 4825 954 4865 ca
970 4819 1088 4880 postmo-
1138 4805 1315 4874 intrinsecus,
1334 4823 1485 4881 aspergens
1512 4813 1632 4881 parietes
1664 4813 1753 4884 ipsius
1777 4811 1809 4869 dc
1828 4811 1905 4865 eadem

295 4907 361 4959 dum
376 4905 503 4959 bomines
516 4903 550 4958 ad
572 4902 687 4959 salutem
711 4901 889 4972 regenerandi
904 4900 1086 4972 baptizentur.
1137 4911 1220 4965 aqua,
1237 4896 1340 4954 lauicos
1355 4903 1407 4956 boc
1424 4902 1507 4956 etiam
1523 4903 1610 4958 tertio.
1637 4901 1751 4959 litterirn
1773 4919 1833 4958 tero
1852 4915 1907 4954 can·

210 5056 213 5062 ,
294 4993 380 5062 erasi
397 4993 471 5048 enim
486 4992 606 5064 primum
620 4999 823 5047 sacramentum
841 4991 869 5046 in
881 4991 1019 5062 baptismo
1040 5009 1088 5048 co·
1113 4970 1213 5043 ’tetur
1236 4990 1387 5060 psalmus:
1412 5013 1421 5042 (
1441 4991 1577 5064 Exsurget
1596 4993 1668 5050 lteus
1690 4994 1778 5064 (Prot.
1799 4989 1881 5060 urit),
1897 5005 1904 5038 ι

285 5087 449 5160 ¹qnoscitun
472 5099 522 5156 per
539 5085 613 5158 quod
639 5083 733 5139 lideles
747 5095 844 5137 omnes
867 5083 939 5140 inter
964 5083 1087 5141 membra
1138 5075 1202 5138 oum
1218 5081 1378 5152 antipbonu.
1400 5079 1533 5138 Caratatnr
1545 5083 1629 5138 etiam
1646 5083 1796 5154 antiphona
1816 5101 1823 5136 ι
1842 5077 1906 5144 sbti

291 5177 532 5252 corportscnrisn
544 5174 792 5250 pergenerationis
803 5176 1005 5248 notmgratiarn'
1016 5195 1088 5234 com·
1138 5173 1283 5228 habitatin
1300 5173 1436 5246 atljtrtorio
1459 5174 1591 5231 ditissimi
1608 5173 1695 5245 (Psoi.
1710 5177 1766 5246 aa).
1782 5194 1792 5226 r
1818 5169 1907 5228 Circuit
1976 5181 1978 5198 ²

286 5282 437 5346 *pertantun
455 5270 560 5327 idcirco
574 5271 626 5325 linc
644 5267 766 5340 primum
783 5268 955 5324 tractandum
967 5261 1088 5355 coerrat-it
1139 5267 1248 5322 interim
1260 5267 1318 5337 ipse
1331 5267 1463 5342 pumiles,
1485 5267 1622 5323 transiens
1641 5283 1691 5338 per
1709 5268 1823 5324 nrcdiam
1835 5263 1908 5321 nesta

287 5366 412 5436 primum
427 5365 457 5418 ln
470 5362 645 5418 dedicatione
660 5357 809 5429 figuratum
824 5358 966 5428 ecclesiae,
989 5361 1089 5418 deinde
1139 5361 1219 5426 siam,
1232 5369 1259 5415 ct
1269 5371 1384 5416 cantans
1401 5379 1408 5414 :
1430 5377 1440 5412 t
1459 5357 1561 5415 Munus
1584 5374 1645 5414 mea
1671 5360 1773 5416 domus
1794 5355 1907 5414 umbuuir

292 5456 319 5510 in
342 5455 555 5511 sanctificatione
577 5456 681 5510 anianae
707 5447 794 5502 acutis
818 5447 981 5506 exbibltum.
1009 5453 1086 5521 Quod
1138 5453 1282 5508 uocabitur
1298 5451 1406 5522 (llnttln
1420 5451 1513 5507 ambr
1541 5447 1574 5504 lit
1602 5449 1667 5506 itenr
1684 5469 1692 5506 :
1712 5472 1722 5504 r
1739 5450 1856 5506 Narrabo
1872 5459 1908 5501 ue

206 5615 211 5625 Ι
288 5549 362 5601 enirn
378 5549 406 5601 io
420 5549 470 5601 bue
483 5548 565 5601 dorne
583 5539 727 5603 orationis
739 5539 880 5595 risibilitat-
899 5559 948 5612 per
972 5547 1087 5616 figuram
1139 5559 1200 5600 tucn
1210 5557 1285 5606 terrim
1295 5544 1511 5600 ban-ibusmcist
1522 5562 1531 5592 r
1544 5543 1569 5597 in
1578 5545 1818 5602 riredioecotesta:
1829 5562 1838 5594 (
1849 5542 1907 5596 lat·

288 5639 464 5708 exprimitur,
481 5648 565 5694 tntum
588 5640 615 5694 in
650 5631 836 5687 arrimubleli
855 5647 904 5701 per
920 5635 1086 5695 inuisibilrm
1139 5637 1336 5710 dubatell‘sal
1363 5639 1429 5706 xxi).
1450 5654 1459 5686 r
1484 5633 1531 5689 llis
1551 5647 1643 5690 numen
1660 5629 1907 5707 peractis‚pnrrttter

286 5732 424 5788 teritatern
436 5729 581 5787 exbibetnr.
599 5733 673 5800 lpse
687 5725 762 5777 eninr
775 5721 875 5778 toritas
892 5725 939 5781 usi
954 5733 1086 5801 templum
1140 5731 1173 5787 ul
1190 5730 1337 5785 orationem
1349 5746 1377 5784 se
1399 5727 1556 5794 consternit,
1573 5741 1705 5795 precans,
1731 5739 1760 5784 ut
1775 5723 1911 5794 omuesqtti
