4017 6342
116 313 206 410 'teat
902 348 1003 404 tera.
1699 351 1768 411 tem

138 469 304 523 corrterret:
331 468 378 522 sed
401 467 503 523 sanctis
526 467 591 522 riris
616 466 740 520 1011010111
771 464 923 529 ridebatur,
939 471 962 524 Α
976 465 1063 519 secuti
1085 473 1164 529 saint,
1188 465 1234 520 sed
1250 464 1389 520 deuterum
1405 462 1452 520 bei
1475 456 1767 540 1111,1·11·111111110ρὲ-

138 560 271 630 quidquid
290 573 345 613 non
363 574 513 623 summum,
530 567 557 612 et
572 559 664 612 ruritius
686 554 818 610 alliciebat
831 571 924 610 111110-
978 566 1083 610 mntem
1096 557 1123 610 in
1138 555 1187 612 eis.

138 666 200 705 sunt
218 649 456 719 iterquamquod
476 649 604 703 restabat.
621 669 630 698 r
649 646 681 700 Et
698 646 793 715 paucis
817 646 923 716 biterie-
1015 648 1058 702 ltl.
1091 647 1184 718 ltaque
1221 649 1388 720 nragtraninti
1424 651 1495 716 riri,
1526 650 1765 706 innumerabilium

137 743 200 806 etis,
219 759 229 792 a
247 739 414 810 Stephanus,
430 742 457 793 in
469 739 596 794 baccara
612 737 775 808 praecipuus,
791 737 927 808 indulgen·
977 738 1094 792 rraititum
1114 735 1217 795 Christi
1232 741 1316 796 duces
1333 750 1360 795 et
1379 741 1500 810 signiteri
1518 740 1619 809 tutori,
1638 756 1692 796 non
1710 749 1765 797 taut

138 834 190 888 tias
213 831 486 902 praevaricationem,
506 831 723 900 dispensationes
743 829 851 897 piacula
876 844 925 899 ap·
977 841 1110 881 nouarum
1133 843 1215 898 quam
1240 845 1403 900 ttragnarnm
1422 846 1513 885 rorum
1537 832 1639 902 totique
1662 831 1765 886 mundo

137 924 267 994 pellebat.
283 922 308 978 ts
321 923 449 978 alberico
462 931 490 977 et
502 923 667 992 qrritrusdam
679 921 740 977 aliis
753 921 852 991 primo,
866 921 927 975 irrite
977 916 1183 986 profuturarum
1199 920 1301 989 cupidi,
1316 937 1378 974 eum
1393 921 1504 976 assiduo
1525 927 1641 977 tractatu
1658 935 1765 991 querc-

139 1016 257 1072 ttoberto
270 1015 344 1071 Patri
360 1015 567 1085 relegandarnm
586 1014 819 1084 dispensationum
832 1021 927 1068 auctor
976 1017 1038 1063 rent
1048 1009 1119 1064 inter
1138 1024 1167 1064 se
1182 1010 1300 1080 nataliter
1310 1011 1336 1064 in
1352 1013 1424 1082 quod
1444 1012 1590 1082 cupiebant
1603 1013 1763 1084 congruenti

137 1108 250 1176 exstitit,
271 1107 296 1163 si
319 1106 377 1162 lteri
390 1113 483 1176 posset
499 1104 616 1160 ttulismi
636 1104 868 1175 permanentibus,
883 1106 925 1158 sin
976 1098 1059 1154 niodo
1079 1100 1113 1155 ad
1129 1101 1254 1156 ellectum
1280 1104 1476 1172 perducerent,
1498 1105 1622 1160 consulto
1648 1103 1765 1160 rationis

62 1187 71 1194 ’
137 1200 230 1256 miurus
251 1212 417 1270 quaerunque
437 1195 493 1251 atio
515 1194 681 1265 migraturis.
711 1192 804 1249 111111
824 1193 926 1249 Marri-i·
973 1189 1078 1258 iudicio
1101 1192 1249 1260 prudenter
1271 1193 1464 1258 adverterunt,
1480 1195 1531 1250 tori
1546 1196 1588 1250 ret
1602 1196 1708 1250 ordinis
1721 1194 1765 1252 sui

137 1305 218 1361 qm·
976 1281 1154 1335 mutationem
1176 1283 1280 1352 alisque
1303 1285 1552 1355 sedisapostolicae
1574 1301 1709 1344 consensu
1735 1301 1765 1341 ss

171 1386 199 1438 9,
220 1381 326 1449 Quibus
354 1379 529 1436 uetustiorem
558 1378 645 1433 mutto
673 1386 699 1432 ct
727 1377 924 1432 accuratiorem
975 1383 1142 1437 praesumere.
1153 1383 1326 1440 nequaquam
1342 1371 1450 1427 debere.
1467 1373 1531 1428 Erat
1543 1384 1607 1429 tunc
1619 1374 1646 1429 in
1660 1371 1764 1431 Gauilla-

135 1475 169 1528 de
189 1481 247 1528 tota
258 1470 383 1528 cistercii
395 1469 536 1524 rustitione
548 1467 732 1522 narrationem
744 1482 777 1521 ex
791 1467 838 1522 tib.
852 1482 860 1519 r
876 1463 924 1518 111-
975 1476 1037 1516 rum
1056 1459 1181 1530 partibus
1199 1460 1272 1516 sedis
1295 1463 1457 1533 apostolice.
1476 1465 1580 1534 legatus
1602 1465 1765 1522 uenerabilis

135 1560 229 1618 sturiae
252 1561 358 1616 selectae
380 1557 522 1628 propagati
544 1555 607 1610 iude
629 1554 734 1610 ordinis
751 1554 924 1624 subjicimus,
975 1548 1064 1622 liugn,
1091 1547 1283 1616 Lugdunensis
1302 1553 1535 1624 archiepiscopus,
1554 1555 1596 1610 vir
1622 1555 1763 1626 religione,

134 1668 197 1724 qnae
210 1652 276 1706 otim
290 1636 476 1719 manuscripta
489 1647 517 1701 in
529 1646 644 1715 collegio
658 1656 754 1700 nostro
769 1646 845 1700 orbis
858 1643 924 1699 Etu-
974 1643 1119 1714 prudentia
1133 1652 1160 1699 ct
1173 1645 1608 1718 auctoritatereiterandae.llunc
1620 1651 1765 1722 praedictus

134 1742 271 1799 brioensis
297 1739 432 1796 exstabat.
452 1737 491 1792 Ea
511 1752 576 1793 rero
598 1737 754 1808 huiusmodi
781 1745 841 1792 est:
865 1736 923 1791 ‹tti
974 1738 1059 1792 abbas
1075 1751 1102 1795 et
1124 1745 1235 1806 iratres,
1258 1743 1306 1813 qui
1327 1741 1463 1798 desiderio
1488 1744 1651 1801 innovandae
1667 1762 1764 1802 mona·

136 1837 231 1906 itaque
247 1832 319 1890 serri
329 1831 376 1887 ttei
386 1830 465 1901 pauci
478 1843 609 1897 numero,
620 1829 668 1884 sed
686 1829 748 1900 igne
768 1830 922 1900 illaqueat
938 1815 959 1869 Β
973 1830 1049 1886 stine
1063 1831 1204 1903 religionis
1228 1831 1389 1904 llagrabant,
1412 1833 1526 1902 adorram
1548 1845 1632 1892 {estus
1647 1847 1674 1892 et
1700 1849 1762 1898 rota

135 1925 270 1980 Donatum
283 1923 364 1980 iesus
377 1922 451 1977 misit
473 1920 500 1976 in
522 1929 623 1980 terram
637 1930 665 1976 et
678 1923 736 1977 rutt
748 1922 922 1979 veliementer
972 1921 1096 1976 cordium
1109 1938 1223 1978 suorum
1236 1923 1374 1980 humiliter
1387 1926 1508 1996 pandunt
1523 1944 1531 1994 :¹
1551 1929 1763 1988 consuetudines

134 2017 266 2081 accendi,
282 2014 388 2072 tortiter
400 2013 578 2079 iniiantmati;
592 2013 658 2068 dunt
678 2014 854 2083 quotidianas
867 2013 921 2070 111-
972 2013 1076 2068 ordinis
1089 2031 1105 2071 a
1126 2015 1228 2088 llegula
1246 2033 1327 2088 quam
1342 2026 1421 2074 crant
1440 2007 1556 2088 prolesst
1578 2021 1691 2077 nimium
1706 2022 1763 2078 dis·

133 2089 204 2180 gulae
219 2109 348 2164 lectiones
361 2124 378 2163 a
391 2106 512 2177 capituto
533 2106 679 2171 audirent,
694 2115 721 2161 et
736 2106 810 2161 atiud
829 2106 921 2179 ltegu-
972 2119 1084 2175 crepare
1098 2117 1322 2179 conqueruntur;
1339 2118 1481 2179 propterea
1497 2111 1640 2167 manifeste
1649 2113 1762 2184 periurii

132 2201 186 2255 1110
206 2201 354 2270 precipere
375 2207 459 2270 atoue
485 2198 558 2255 atiud
583 2197 797 2254 consuetudines
816 2199 921 2254 ordinis
971 2195 1074 2252 erinren
1100 2212 1130 2252 se
1157 2198 1275 2254 scienter
1308 2199 1457 2256 incurrisse
1482 2201 1600 2257 dolende
1630 2202 1760 2260 latentur.

131 2301 224 2347 tenere
248 2290 464 2360 perpenderent,
493 2289 655 2361 gravissime
676 2289 919 2357 continuabantur,
970 2284 1219 2356 ddduntprmterea
1231 2303 1260 2342 se
1271 2289 1352 2342 uitam
1364 2305 1480 2344 snarrrex
1496 2291 1600 2362 integro
1610 2293 1760 2352 seeundum

131 2383 254 2438 ridentes
277 2398 306 2438 se
329 2392 498 2455 remosque
516 2383 666 2440 monachos
691 2382 822 2456 Regulam
849 2385 920 2441 ocuti
970 2376 1093 2432 instituta
1107 2377 1216 2448 Regulae
1230 2380 1317 2437 sancti
1333 2379 1421 2435 Patris
1432 2381 1473 2436 1111
1485 2380 1621 2440 Benedicti
1634 2385 1761 2440 ordinate

132 2472 224 2530 Patris
250 2474 389 2531 Benedicti
411 2474 526 2531 solemni
551 2474 735 2546 promissione
762 2486 921 2532 servaturos
971 2469 1047 2536 telle,
1064 2478 1089 2525 tl
1108 2479 1138 2524 ut
1155 2471 1195 2527 els
1210 2473 1243 2526 ad
1264 2471 1315 2526 troc
1336 2471 1447 2528 liberius
1467 2473 1670 2543 exsequendum
1688 2473 1759 2534 idem

131 2565 190 2622 sore
211 2567 383 2636 prouenisse,
402 2567 450 2623 god
477 2568 628 2624 secundnm
651 2566 775 2621 instituto
794 2567 853 2638 ejus
876 2583 922 2624 po.
970 2561 1074 2632 legatus
1097 2563 1141 2618 sui
1163 2563 1313 2632 juvartrinis
1334 2563 1419 2618 robur
1436 2565 1582 2634 apostolica
1598 2566 1761 2625 auctoritate

129 2673 268 2728 qaisquam
284 2658 384 2713 risere.
395 2656 528 2714 Primitus
541 2673 607 2730 ergo
618 2659 746 2729 priuatim
765 2658 866 2729 saepius
876 2661 919 2714 in-
970 2653 1100 2724 porrigat,
1110 2655 1244 2712 instanter
1253 2653 1384 2725 llagitant.
1399 2653 1530 2711 [lentitius
1541 2666 1632 2712 autem
1644 2657 1759 2730 legatus,

130 2757 217 2804 tet-'se
230 2750 426 2828 colloquentes,
441 2750 686 2821 transgressionem
704 2765 782 2806 suam
797 2765 919 2821 conque-
969 2761 1032 2798 eunt
1048 2753 1122 2800 esset
1138 2745 1258 2816 prudeus
1276 2753 1303 2800 et
1316 2745 1461 2812 discretus,
1477 2747 1656 2804 consideratis
1670 2750 1760 2805 subtl-

128 2842 276 2908 rebantur;
295 2851 456 2911 etquenam
471 2841 554 2896 modo
568 2841 651 2911 buius
668 2843 734 2896 tanti
749 2843 813 2896 ntali
832 2858 919 2898 reuic·
969 2834 1032 2888 liter
1045 2833 1253 2905 allegationibus
1277 2849 1384 2902 eorum,
1409 2835 1580 2892 laudabiliter
1592 2853 1640 2894 eos
1656 2841 1759 2900 moveri

128 2930 206 2985 dium
226 2930 349 2986 iurenire
375 2939 498 3000 possent,
523 2930 638 2986 sollicite
662 2930 823 2995 tractabant.
849 2929 918 2985 Corn
970 2928 1173 2996 pronuntiarit;
1202 2928 1379 2998 ipsorumque
1399 2929 1587 2999 spiritualibus
1604 2932 1675 2986 votis
1691 2932 1759 2992 laetis

128 3037 195 3077 rero
205 3031 298 3092 postea
313 3022 426 3078 verbum
443 3020 561 3077 ellnsum
576 3031 649 3077 essct
662 3021 691 3076 in
702 3021 852 3090 publicoru,
864 3035 919 3076 caa-
969 3018 1100 3089 auspiciis
1118 3018 1222 3084 larveus,
1250 3020 1296 3076 tali
1321 3021 1435 3090 epistota
1453 3037 1500 3076 eos
1514 3023 1547 3076 ad
1563 3023 1758 3092 perficiendum

128 3115 181 3170 teri
204 3114 251 3184 qui
266 3115 390 3172 carnales
413 3126 502 3184 erant,
518 3131 569 3172 nec
592 3124 717 3186 poterant
740 3115 832 3170 elicere
855 3131 918 3170 eum
932 3162 952 3216 c
971 3120 1026 3166 tota
1041 3111 1175 3178 libertate,
1193 3114 1266 3184 quod
1279 3114 1322 3184 pia
1349 3123 1437 3170 0111111
1460 3119 1760 3189 corrccperaut,etltor·

128 3209 273 3280 propbeta,
288 3209 353 3278 grtia
371 3228 379 3260 ι
394 3209 429 3263 de
448 3208 556 3262 excelso
567 3208 642 3264 misit
660 3208 750 3277 ignem
769 3208 796 3262 iu
808 3207 918 3264 ossibus
947 3199 952 3214 ⁴
970 3213 1043 3260 tatus
1055 3211 1106 3258 est.

128 3301 200 3356 meis
213 3307 241 3355 et
261 3299 378 3354 erudivit
402 3314 446 3354 me
475 3297 844 3368 (111110.1,.151,1ε11101
870 3298 919 3354 Dei
1004 3295 1047 3348 tt.
1067 3315 1076 3348 t
1095 3293 1183 3366 tingo,
1195 3295 1386 3366 Lugdunensis
1399 3299 1542 3370 episcopus
1562 3311 1589 3357 et
1601 3302 1758 3374 apostolica·

126 3393 272 3458 deridere,
288 3391 429 3461 modisque
446 3391 575 3445 omuibus
588 3389 689 3459 quibus
705 3398 845 3458 poterant,
859 3398 916 3444 uta
972 3407 980 3438 r
1002 3387 1076 3444 sedis
1100 3390 1215 3460 legatus,
1230 3388 1348 3452 lieberto
1361 3389 1527 3447 tlolismcnsr
1548 3391 1638 3448 abbati
1658 3405 1685 3448 et
1702 3393 1758 3449 ira·

128 3495 184 3541 tam
198 3495 294 3540 saneto
306 3483 446 3554 proposito
458 3488 607 3545 cessarent,
618 3478 748 3536 infestare
764 3489 915 3550 ceperunt.
971 3501 980 3532 ι
1004 3480 1102 3547 tribus,
1118 3497 1180 3536 enm
1201 3496 1234 3538 eo
1256 3481 1405 3539 secondum
1423 3479 1553 3553 ltegutarn
1571 3486 1657 3540 sancti
1672 3483 1758 3539 Berre-

127 3574 163 3630 dt
176 3574 215 3629 illi
229 3573 276 3644 qni
290 3572 386 3644 spiritu
407 3569 455 3626 liei
467 3569 628 3644 agebantur,
640 3576 668 3624 et
679 3577 819 3638 propterea
838 3564 916 3624 liberi
970 3588 979 3619 t
1002 3569 1068 3624 dicti
1083 3568 1139 3624 beo
1151 3570 1253 3626 seruire
1269 3570 1451 3640 cupientibus.
1463 3570 1561 3628 Notum
1573 3575 1608 3630 sit
1618 3576 1757 3647 omnibus,

125 3674 215 3731 crant,
226 3679 282 3720 uon
297 3673 424 3720 curantes
437 3676 533 3718 eorum
550 3660 697 3716 malevolas
711 3658 914 3727 insectationes,
970 3678 979 3710 r
1002 3659 1036 3716 de
1051 3670 1152 3718 sanct-e
1169 3662 1264 3718 matris
1286 3659 1415 3720 Ecclesiae
1427 3665 1549 3734 proiectu
1565 3668 1756 3739 gaudentibus,

127 3766 186 3813 toto
200 3755 301 3811 mentis
315 3755 414 3810 antrisu
432 3753 468 3809 ad
480 3751 565 3808 ileum
584 3749 710 3828 conuersi
721 3749 860 3820 precibus,
874 3751 916 3806 in·
969 3771 979 3802 1
1000 3766 1048 3806 ros
1064 3760 1091 3806 et
1101 3753 1233 3820 quosdam
1245 3752 1315 3808 trtius
1331 3765 1434 3811 uestros
1447 3755 1629 3814 ttulismcnsis
1639 3761 1757 3818 ctenobil

125 3846 296 3903 stantissirne
321 3843 494 3915 postulabant
515 3850 546 3896 nt
575 3839 682 3896 bomini
704 3839 792 3910 pietas
812 3856 860 3896 ees
881 3841 915 3896 ad
969 3863 978 3895 t
1003 3842 1113 3910 iratres,
1129 3841 1254 3912 Lugduni
1266 3845 1292 3898 tu
1309 3856 1402 3902 nostra
1421 3849 1563 3922 praesentia
1578 3853 1708 3920 astitisse,
1724 3871 1757 3912 ao

127 3939 211 3994 talem
225 3939 315 3993 locum
328 3935 444 4007 dirigere
456 3933 624 4006 dignaretur,
633 3933 662 3988 in
681 3946 737 4004 quo
750 3940 812 3989 tota
833 3932 916 3987 labio
969 3955 978 3985 t
1002 3935 1113 4005 ttegutae
1135 3935 1285 3992 beatissimi
1306 3933 1459 4005 111011111ιὶ,
1487 3955 1568 4010 quam
1586 3943 1651 4002 illue
1667 3960 1756 4015 natiue

125 4044 189 4084 rum
205 4043 331 4093 snorum,
345 4041 407 4096 oue
421 4025 572 4082 secundum
586 4022 719 4096 Regulam
741 4023 916 4078 tirmaverant
969 4047 977 4077 1
1002 4026 1090 4096 tepide
1103 4041 1135 4081 ac
1147 4027 1313 4099 negligenter
1324 4029 1351 4084 in
1368 4027 1461 4084 eodem
1481 4033 1647 4090 rarorrasterio
1659 4044 1751 4090 tenue·

126 4120 245 4178 sednon
261 4126 446 4182 seruauerant,
466 4116 579 4173 reddere
590 4123 713 4186 possent.
726 4113 827 4169 Deinde
848 4128 915 4170 eon-
969 4135 978 4166 r
1002 4117 1079 4183 ratis,
1098 4117 1200 4173 arctius
1216 4118 1313 4173 deinde
1327 4130 1354 4174 et
1370 4119 1517 4190 perfectius
1533 4121 1666 4178 iratraercre
1687 4125 1755 4182 reite

126 4216 280 4271 siderantes
299 4213 373 4284 qtrod
388 4210 536 4281 apostotus
553 4217 656 4275 monet,
669 4222 723 4264 non
736 4206 810 4261 omni
831 4205 913 4276 spiri·
969 4225 977 4256 r
1000 4203 1139 4276 protessus
1150 4205 1245 4262 luisse.
1259 4206 1336 4276 Quod
1348 4207 1411 4279 quia
1423 4207 1450 4262 tn
1475 4207 1536 4264 loco
1552 4211 1682 4282 praedicto
1695 4213 1755 4284 plu-

127 4309 168 4363 tui
182 4321 243 4362 esse
256 4304 420 4361 eredendum
434 4301 462 4374 (t
475 4300 555 4356 toan.
569 4317 605 4367 rr,
619 4300 661 4370 ti;
672 4308 700 4355 et
711 4295 786 4370 quod
799 4295 912 4365 Regula,
970 4318 978 4348 ι
1003 4298 1080 4354 ribus
1092 4297 1301 4368 impedientibus
1312 4299 1403 4356 causis
1418 4310 1523 4355 entistat
1541 4301 1684 4374 adimpleri
1698 4321 1754 4364 1001

125 4414 209 4470 quam
228 4397 316 4451 modis
336 4395 465 4450 omnibus
489 4392 607 4462 perferte
624 4405 735 4447 serrare
758 4389 912 4460 cupiebant,
967 4407 976 4440 r
1000 4403 1095 4458 posse,
1107 4404 1158 4444 nos
1185 4389 1424 4462 utriusquepartis
1438 4391 1529 4457 saluti,
1542 4392 1667 4449 uidelicet
1690 4394 1753 4452 11011

125 4487 361 4561 precipitcorripi
373 4503 435 4541 eunt
461 4485 508 4556 qrri
533 4484 592 4541 sine
610 4479 792 4554 permissione
807 4480 912 4536 abbatis
928 4497 951 4555 Ι)
969 4501 976 4531 ι
1001 4479 1185 4536 recedentium
1210 4489 1291 4552 atque
1303 4480 1358 4537 illic
1373 4483 1551 4546 tnanentiunt,
1564 4485 1751 4554 presidentem

124 4582 275 4653 quidquam
291 4580 380 4635 tacere
395 4575 608 4648 praesumpserit,
627 4573 753 4630 abbatem
766 4587 847 4627 suurn
862 4572 913 4626 tru-
969 4590 978 4623 1
1000 4571 1027 4625 tn
1042 4572 1132 4627 locunt
1151 4571 1246 4640 atium,
1261 4586 1342 4642 ortem
1355 4571 1434 4626 robis
1445 4572 1536 4626 divina
1553 4573 1664 4643 largitas
1679 4573 1752 4630 desi·

124 4674 228 4730 militer
241 4673 361 4737 adeunt,
374 4669 407 4725 de
420 4669 637 4740 transgressione
652 4665 763 4738 ttegutae
777 4665 915 4736 querirno-
969 4684 978 4714 r
1001 4663 1135 4734 guaverit,
1154 4679 1203 4720 ros
1220 4665 1373 4731 declinare,
1393 4663 1484 4734 ibique
1508 4664 1646 4720 salubrius
1669 4674 1753 4736 atrius

122 4766 201 4821 niam
222 4770 393 4832 proponunt,
407 4761 462 4815 noti
485 4760 528 4814 sui
552 4758 785 4813 feruentissimum
809 4756 914 4812 deside
968 4759 1120 4830 «quietius
1143 4757 1256 4812 ltomino
1280 4757 1417 4818 larnntari.
1446 4758 1512 4812 utile
1526 4757 1655 4816 duximus
1681 4758 1750 4816 iore.

122 4857 199 4922 rium
211 4849 343 4922 pandunt,
356 4860 383 4905 et
397 4860 427 4905 ut
440 4851 500 4919 eius
513 4849 616 4905 auxilio
632 4851 734 4919 pariter
745 4858 773 4902 et
785 4848 911 4914 consitio,
969 4869 978 4900 ι
1002 4847 1083 4905 l'obis
1095 4863 1161 4920 ergo
1172 4847 1435 4920 tune'pracsentibus,
1448 4849 1571 4903 uidelicet
1578 4847 1752 4906 dobertoab

123 4943 201 5016 quod
229 4939 332 5011 Spiritu
353 4948 448 4994 sarecto
462 4937 599 5007 aspirante
620 4947 710 4993 rnerrte
731 4936 915 5007 correeperant'

124 5034 255 5105 pertirere
280 5030 385 5100 possint
396 5071 404 5096 ,
416 5027 572 5098 suppliciter
583 5036 739 5098 precantur.
756 5026 828 5096 Nutu
846 5044 911 5082 reno

124 5125 185 5189 1111,
201 5123 235 5178 ad
249 5122 347 5176 borant
367 5129 547 5190 compunctus
562 5119 647 5177 abbas
670 5118 725 5185 itte,
740 5118 911 5188 propositum

124 5231 268 5272 serrorum
282 5213 330 5268 Dei
342 5213 444 5279 laudat,
462 5221 491 5266 ct
502 5225 556 5268 non
570 5212 660 5266 sotum
673 5210 818 5266 eonsilium
832 5213 912 5268 auxi-

124 5311 248 5377 liumque
262 5321 292 5361 se
306 5305 499 5377 praebiturum
516 5303 698 5360 verumetiam
708 5302 828 5375 seipsum
844 5304 913 5358 indi-

123 5400 238 5456 riduurn
262 5397 389 5453 comitem
406 5410 502 5451 eorum
523 5395 550 5449 in
572 5406 627 5448 tarn
653 5404 747 5450 saneto
772 5395 912 5466 proposito

124 5495 260 5557 tutorum,
275 5490 431 5546 ttrmissime
443 5489 595 5560 pollicetur.
612 5485 672 5554 Quo
686 5487 779 5543 audito
794 5487 912 5543 humiles

123 5590 222 5661 spiritu
240 5587 340 5641 tratres
354 5584 391 5640 itti
407 5583 549 5654 magnilice
573 5580 742 5636 corroborati
757 5589 835 5647 sunt,
847 5589 912 5636 tune

122 5683 244 5755 primum
259 5678 438 5746 intelligentes
454 5673 529 5744 quod
543 5687 607 5728 rere
619 5689 634 5727 a
654 5671 769 5727 Domino
783 5687 912 5744 egressus

42 5805 46 5808 ·
120 5786 164 5832 est
178 5785 280 5838 scruto,
298 5784 347 5824 nce
362 5767 468 5826 somrda
486 5763 576 5822 cordis
589 5764 631 5821 sut
655 5764 683 5821 in
705 5763 841 5824 desiderio
865 5765 910 5821 tuti

969 4961 978 4990 ι
1000 4941 1068 5006 bati,
1087 4939 1217 4995 iratribus
1234 4955 1343 5012 tpunque
1358 4938 1502 5007 biber-ico,
1521 4938 1624 5006 Odoni,
1641 4939 1750 5010 loanni,

967 5051 976 5082 ι
999 5027 1289 5102 Steptrano,Laetaldo,
1312 5029 1401 5097 Petro,
1417 5029 1465 5090 scd
1490 5041 1517 5087 et
1539 5032 1667 5088 omnibus
1681 5049 1752 5105 qaros

967 5144 976 5174 ι
999 5122 1159 5194 regulariter
1170 5131 1196 5176 et
1211 5121 1350 5178 1101100111
1363 5122 1478 5182 consitio
1490 5123 1569 5179 vobis
1584 5125 1689 5179 sociare
1704 5123 1750 5179 dea

966 5213 1154 5276 «creveritis,
1181 5213 1232 5266 1101
1260 5221 1383 5268 sarnetum
1406 5215 1574 5285 propositum
1600 5199 1751 5274 terrorest

966 5324 975 5356 1
997 5315 1062 5362 tune
1076 5304 1275 5365 consuluimus,
1289 5312 1314 5358 et
1328 5313 1358 5358 ut
1381 5303 1408 5357 in
1424 5304 1476 5360 troc
1491 5303 1668 5380 perseveretis
1680 5317 1752 5373 prau-

966 5417 975 5444 e
998 5397 1126 5470 cipimus,
1142 5404 1168 5450 et
1183 5395 1345 5450 auctoritate
1364 5395 1511 5466 apostolica
1522 5411 1570 5464 per
1592 5393 1673 5464 sigilli
1687 5409 1753 5448 nos·

967 5509 975 5539 ι
1000 5487 1034 5541 111
1048 5485 1255 5558 impressionem
1283 5485 1310 5540 in
1337 5483 1747 5560 perperrrumeaanrnamus.»

964 5578 1020 5634 ttoe
1039 5577 1118 5650 legati
1132 5575 1265 5647 pontilicii
1283 5576 1414 5646 diploma,
1441 5590 1496 5646 ono
1510 5582 1669 5646 potestatem
1684 5573 1751 5638 lacit

957 5672 993 5741 ¹S.
1013 5671 1131 5725 lieberto
1148 5684 1181 5724 ae
1198 5669 1281 5724 sociis
1303 5667 1511 5724 Cistereiensem
1537 5665 1659 5723 ordinem
1684 5665 1750 5726 lua.

963 5759 1055 5830 alstidi,
1077 5758 1195 5814 etiamn
1224 5755 1315 5811 tliraeo
1339 5755 1366 5810 in
1394 5754 1457 5812 dieti
1482 5755 1586 5822 ordinis
1611 5754 1751 5818 curantes·
