4017 6342
225 348 278 405 705
688 332 788 397 ts'rltt
807 339 976 397 attttosst
993 338 1039 397 EX
1055 336 1178 397 luttAEtl
1194 336 1392 396 ClliiiSTidSl
1809 346 1864 402 itt

216 456 262 515 ill
276 464 350 529 patet
361 456 387 511 in
402 452 492 511 verbis
502 450 615 508 nibilum
626 462 687 505 esse
702 448 850 519 potentiam
866 448 1016 504 corrdtcris.
1031 466 1055 517 p
1070 448 1200 503 tircsaum
1213 448 1297 503 ritant
1311 446 1383 502 lame
1399 447 1441 503 rcl
1461 448 1506 504 siti
1523 448 1708 508 laborantium
1722 466 1866 526 quousque

227 550 277 606 Cui
294 548 468 619 philosophus
480 545 507 599 in
521 549 663 613 angustam
683 556 739 597 sun
754 541 853 597 mentis
868 540 959 597 sedern
973 555 1016 596 re-
1066 541 1155 611 potuit
1167 541 1304 595 sustinere
1323 554 1377 595 non
1394 539 1500 597 distulit
1514 556 1565 598 nec
1579 541 1696 599 staliecit.
1718 544 1770 600 ilic
1793 545 1865 603 idern

224 651 319 711 ceptus
334 640 373 695 ait
384 657 391 693 r
403 638 462 694 Scis
479 634 536 706 ipse
556 633 672 689 nimium
688 632 735 687 tibi
755 631 928 688 antititionem
944 646 1018 687 ntor·
1066 632 1101 688 de
1115 632 1238 689 restibus
1248 640 1277 687 et
1293 632 1421 703 pretiosis
1433 631 1569 704 lapidibus
1583 636 1652 707 epit.
1664 644 1693 691 et
1705 640 1747 693 sic
1757 638 1867 695 transiit

225 731 320 786 talium
342 740 431 783 rerum
451 724 616 779 dominatam
632 722 715 779 luisse
728 730 756 779 et
770 723 913 779 materiam
932 718 1017 779 rebus
1066 724 1188 779 circulus
1203 724 1269 780 anni
1284 723 1311 779 in
1323 739 1378 796 qno
1393 739 1447 780 non
1457 725 1623 796 paucosjam
1636 728 1734 785 mortis
1748 731 1866 789 aexttns

224 819 348 890 gerendis
362 830 387 874 te
396 816 533 886 optavisse
546 816 618 887 quod
631 831 665 871 ne
685 816 770 871 virtus
785 824 840 881 tua,
855 822 885 870 nt
906 814 964 886 ipse
977 812 1017 869 ia·
1067 814 1188 871 irretitos
1201 797 1338 872 liberarit.
1348 815 1416 871 Erat
1429 825 1519 871 autern
1530 817 1559 872 in
1570 821 1666 875 cariem
1680 819 1793 892 regione
1803 823 1866 893 qui-

222 912 306 975 teris,
319 916 512 967 consuesceret
527 907 621 975 tacita;
637 906 684 963 scd
699 908 733 963 ob
743 908 896 979 cupidinem
912 906 1018 979 glorie,
1067 906 1130 961 dant
1163 906 1237 978 regis
1253 906 1404 979 prescripti
1424 909 1548 968 nodatus
1567 910 1614 982 qui
1639 910 1736 969 ttrorts
1759 914 1866 971 tutacula

223 1005 294 1059 sicut
315 1003 352 1057 rei
373 1001 518 1057 sinceritas
536 1008 597 1065 est,
621 998 710 1055 iecisti
736 998 933 1069 adipiscenda,
956 1012 1018 1069 qaae
1067 1004 1156 1051 tactus
1168 1010 1253 1068 puero
1266 996 1416 1063 invidebat,
1428 1006 1562 1070 etgraves
1575 1000 1735 1057 iuimicitias
1744 1002 1865 1059 latenter

224 1107 305 1165 quam
316 1092 352 1147 sit
363 1091 438 1149 erilis
451 1099 478 1147 et
490 1090 571 1147 totins
582 1106 665 1145 uacrra
678 1090 806 1161 ponderis
816 1090 852 1145 sit
862 1088 1017 1146 considera.
1068 1090 1225 1155 sternebat,
1241 1095 1269 1144 ct
1286 1103 1378 1159 repent
1405 1103 1471 1160 erpa
1485 1104 1598 1160 puerum
1617 1091 1646 1147 in
1663 1090 1733 1147 iram
1752 1108 1867 1163 exaspe-

222 1181 287 1238 Tuae
315 1182 453 1253 preterita
484 1181 577 1253 gloriae
602 1180 721 1250 potentia
751 1188 844 1251 utpote
874 1195 934 1250 quae
959 1177 1019 1249 jam
1068 1176 1147 1233 rabat
1162 1177 1246 1235 initis
1261 1180 1374 1235 verbis:
1392 1178 1521 1248 bomine,
1540 1182 1756 1239 ienitasrestraa
1772 1200 1866 1240 mora·

221 1273 295 1329 nnlla
310 1282 363 1338 est,
379 1273 521 1328 metuenda
537 1287 589 1327 non
607 1280 660 1335 est.
676 1272 723 1328 sed
745 1286 833 1342 noque
848 1270 950 1336 lutura,
965 1285 1018 1325 cu·
1069 1267 1155 1325 litatis
1169 1270 1196 1326 in
1214 1272 1299 1327 vostri
1315 1270 1402 1329 dliurn
1414 1273 1565 1331 consiliarii
1579 1275 1623 1331 cui
1637 1285 1717 1347 pater
1729 1276 1866 1334 infinitam

221 1368 267 1440 ius
281 1376 395 1423 eventus
408 1362 565 1421 dubitabilis
579 1372 621 1421 cst
637 1372 664 1418 ct
684 1363 814 1419 incertus.
835 1361 873 1417 ile
892 1359 1018 1433 praesenti
1069 1360 1181 1434 reliquit
1200 1363 1359 1435 pecuniam,
1374 1380 1409 1421 nc
1421 1366 1512 1423 dicam
1527 1366 1623 1435 stulte,
1643 1370 1760 1425 nimiunn
1776 1370 1866 1428 mnil‘s

223 1468 337 1519 constat
354 1458 418 1529 quia
432 1459 469 1513 ita
483 1472 567 1529 parta
580 1466 634 1527 est,
652 1460 690 1512 lta
707 1464 896 1512 momentanea
912 1463 940 1511 et
959 1468 1020 1525 qaue
1069 1450 1135 1521 iuit;
1149 1456 1416 1528 motionumquenec
1426 1474 1475 1516 ros
1486 1458 1591 1516 necilio
1602 1462 1747 1530 pecunssam
1760 1462 1868 1521 habetis

233 1556 261 1612 itt
282 1554 337 1611 ictu
355 1554 425 1609 oculi
448 1552 634 1609 adnullanda:
657 1552 692 1608 ob
715 1552 767 1608 ltoc
788 1552 860 1606 enim
882 1550 954 1605 nulla
976 1549 1019 1605 sui
1069 1558 1150 1613 quam
1171 1544 1339 1603 ineottsuilus
1361 1548 1498 1618 superduc
1521 1549 1690 1621 dilapidavit.
1715 1552 1774 1609 ilex
1799 1568 1867 1609 rem

227 1657 306 1721 parte
323 1656 365 1705 est
386 1645 564 1703 formidanda.
582 1643 720 1716 Perceptis
735 1644 850 1713 tletriqae
865 1640 1019 1711 philosoplti
1070 1636 1170 1693 talibus
1183 1637 1211 1693 in
1226 1638 1294 1693 iram
1306 1653 1459 1697 commotus
1473 1656 1524 1711 pro
1536 1656 1621 1713 puero
1630 1642 1733 1715 legavit
1746 1645 1789 1699 cui
1801 1646 1866 1701 talia

221 1740 330 1808 serbis,
361 1755 408 1797 res
433 1738 471 1793 ait
490 1735 668 1809 complicibus
682 1736 738 1792 suis
755 1752 763 1791 ε
781 1734 883 1790 &rvris
898 1732 944 1789 ilci
960 1739 1017 1797 cst,
1069 1728 1140 1787 dtrtt
1153 1749 1159 1787 :
1173 1731 1305 1803 insipiens
1315 1732 1352 1788 iili
1363 1732 1507 1804 sapientis,
1517 1734 1592 1791 iners
1600 1738 1742 1794 attiliciosi
1754 1741 1867 1810 prodigo

224 1832 313 1889 ridete
328 1847 362 1887 ne
377 1831 441 1903 qnid
455 1827 598 1886 molestant
613 1829 637 1884 ei
653 1828 758 1884 faciatis
772 1836 819 1882 aut
831 1826 1014 1881 inhonestum.
1032 1822 1150 1898 Margi,
1169 1834 1201 1881 nt
1216 1826 1280 1896 qnid
1301 1826 1412 1883 diuitias
1431 1827 1570 1899 sapienter
1582 1842 1763 1901 congregatas
1776 1843 1805 1889 ct
1816 1834 1865 1889 tibi

259 1920 412 1993 Discipulos
426 1921 555 1991 magistro
568 1936 575 1973 :
588 1918 655 1974 Cum
671 1919 768 1975 celeria
784 1920 834 1973 ista
848 1928 911 1973 stttrl
922 1916 1015 1983 exitia,
1067 1918 1101 1973 ad
1113 1918 1274 1974 serrandum
1293 1920 1455 1977 commissas
1470 1920 1568 1976 dedisti
1584 1924 1737 1993 perniciei?
1748 1924 1791 1979 tta
1808 1926 1867 1981 bac

223 2032 273 2073 cut
287 2030 471 2087 preparemus
490 2021 566 2069 tanta
585 2013 662 2083 quasi
684 2011 837 2067 durabilia?
858 2010 990 2082 liaqister
1006 2027 1014 2065 :
1067 2022 1137 2079 puer
1150 2007 1209 2063 atsu
1230 2007 1257 2065 in
1272 2016 1374 2064 terram
1387 2010 1488 2076 deliro,
1503 2012 1633 2082 principis
1643 2013 1719 2070 enirn
1732 2016 1868 2071 rtrltnnsi·

223 2108 360 2177 Quoniam
372 2106 436 2163 nitae
450 2106 580 2163 terminus
598 2114 639 2160 cst
657 2104 787 2159 incertus.
804 2102 987 2173 Philosophus
1006 2119 1015 2157 r
1068 2104 1152 2151 tatem
1165 2104 1260 2169 utpote
1273 2101 1360 2155 tortis
1373 2097 1568 2156 inflammatam
1580 2101 1728 2159 inminibus
1749 2107 1865 2161 sereba-

223 2198 343 2271 (iperarc
356 2212 405 2269 pro
419 2196 511 2252 iuturo
521 2194 621 2252 seculo
633 2194 709 2265 quasi
722 2208 794 2250 nunc
807 2194 845 2249 sis
856 2192 1015 2259 artoritmus,
1068 2198 1113 2242 itti
1125 2205 1132 2243 τ
1144 2186 1270 2256 Domine,
1286 2190 1308 2246 si
1323 2204 1390 2261 pace
1404 2198 1494 2261 ieslta
1508 2192 1571 2249 licet
1583 2193 1677 2251 dicere
1690 2211 1746 2252 non
1761 2206 1791 2252 ut
1803 2199 1867 2269 qni·

222 2300 251 2349 et
263 2307 313 2364 pro
329 2290 455 2364 prasenti
467 2288 538 2345 sicut
552 2301 661 2358 semper
681 2286 817 2352 victurus;
832 2286 928 2342 melius
942 2285 1015 2341 enim
1066 2278 1181 2335 bustiam
1194 2281 1302 2336 uidetur
1315 2282 1414 2338 stultus
1427 2292 1506 2353 patre
1516 2284 1640 2355 sapiente
1655 2287 1735 2343 rolris
1749 2302 1809 2343 sum
1822 2302 1866 2343 re·

222 2395 266 2444 eu
280 2385 352 2457 qaod
372 2392 432 2457 past
451 2392 524 2438 tuam
543 2390 657 2438 marten
686 2397 701 2437 a
720 2390 745 2437 te
762 2381 876 2450 questa
896 2380 1017 2435 naseam
1067 2370 1161 2439 licitu,
1178 2383 1257 2444 pater
1273 2377 1374 2431 etenim
1395 2391 1472 2433 metu
1489 2377 1648 2435 timorum
1669 2382 1865 2453 congregant,

223 2477 342 2541 inimici.
358 2490 438 2546 qnam
466 2474 493 2531 in
517 2475 571 2528 rita
595 2487 674 2544 egeas
693 2471 765 2542 quod
786 2471 833 2527 tibi
853 2470 1016 2527 strbueniant
1066 2473 1260 2536 congregatum
1276 2466 1432 2523 utrtleiures
1447 2483 1543 2539 rapere
1557 2472 1664 2541 possint
1676 2470 1822 2527 collocarit
1834 2482 1864 2527 et

223 2569 337 2628 inimici.
356 2566 397 2625 Ob
417 2568 475 2623 lenc
498 2567 589 2636 itaque
610 2579 673 2621 curn
692 2564 834 2619 honestate
853 2562 901 2619 tibi
921 2561 1015 2619 omnia
1066 2556 1134 2612 mihi
1150 2556 1195 2613 cui
1215 2558 1332 2629 possetis
1346 2560 1457 2617 adferre
1473 2562 1515 2617 lei
1529 2562 1599 2632 illitis
1611 2562 1793 2630 comburere,
1809 2564 1866 2620 tile

222 2662 345 2737 provide,
358 2661 422 2732 quia
432 2660 522 2717 brevis
532 2667 573 2714 est
584 2673 681 2714 cursus
692 2658 763 2712 ritae.
772 2656 867 2712 Alius:
880 2654 1014 2711 Saeculum
1066 2648 1167 2719 aliquis
1185 2663 1266 2707 castro
1277 2650 1387 2721 eripere
1398 2653 1518 2724 reliquit.
1534 2652 1591 2725 ligo
1605 2668 1672 2709 rero
1685 2655 1813 2711 eumdem
1829 2654 1865 2711 tbi

193 2818 195 2823 ,
222 2763 265 2812 est
279 2752 357 2826 quasi
380 2752 441 2808 lons
462 2750 597 2808 instabilis
617 2748 694 2821 eujtn
713 2748 843 2804 introitus
858 2755 900 2805 est
919 2748 1016 2805 marris
1066 2740 1198 2797 coli⁰⁰²li
1218 2742 1265 2798 ilbi
1284 2742 1400 2799 ddeliter
1416 2745 1468 2801 sibi
1488 2745 1641 2801 mrrahitnr
1662 2757 1691 2804 et
1708 2748 1787 2803 milri.
1808 2746 1866 2802 lies

223 2857 327 2913 uterus,
342 2855 369 2902 et
383 2846 503 2916 eiusdem
517 2859 591 2901 mors
603 2843 656 2900 erit
670 2842 769 2899 exitus.
784 2839 961 2898 lersiilcator
975 2857 984 2899 a
1065 2837 1157 2886 autem
1169 2829 1233 2900 idid
1252 2830 1315 2888 inde
1335 2832 1443 2889 iecisset
1459 2834 1575 2906 mqatit.
1589 2835 1662 2893 Puer
1674 2850 1744 2893 vero
1759 2836 1866 2907 quidet

259 2938 332 2997 diora
346 2945 384 2993 est
396 2946 471 3008 porto
481 2944 573 3008 patrna
584 2934 694 2991 terrenis
705 2934 792 3005 peruia
804 2935 915 2999 cunctis,
1066 2921 1184 2992 qualiter
1197 2923 1302 2981 iecerat
1319 2926 1465 2984 relaxarit.
1475 2927 1622 2999 Comperta
1635 2929 1756 3001 denique
1768 2930 1864 3001 peritia

294 3008 346 3065 Sed
358 3024 448 3079 dudio
458 3016 515 3079 νοεῖ
528 3007 596 3063 idac
611 3021 669 3077 Μ
682 3006 715 3059 lii
727 3003 848 3060 Mididi*
863 3005 967 3062 idmst·
1065 3013 1174 3086 iuuenis
1184 3026 1388 3072 remuneratum
1399 3018 1475 3090 prius
1489 3034 1552 3075 eum
1563 3020 1799 3077 circunstantibus
1809 3019 1865 3073 lau·

221 3102 271 3160 Est
288 3101 385 3157 domus
399 3099 553 3155 delitiarum
573 3098 628 3155 ilco
647 3095 849 3165 tamulantium,
867 3107 910 3153 cst
933 3095 1014 3153 etdi·
1066 3105 1158 3172 davit,
1174 3109 1417 3180 partissafernem
1433 3112 1660 3183 recompensam
1677 3112 1732 3179 Qua
1750 3127 1784 3169 ο,
1804 3111 1866 3170 1³40

222 3207 301 3249 lilii
320 3205 416 3262 iffiliss
431 3187 655 3261 lll⁰¹¹¹⁰i⁰¹⁸¹i¹¹ffi
670 3184 758 3243 Alibi
769 3186 803 3242 id
818 3184 927 3241 Plillffl
941 3203 948 3239 ²
962 3184 1016 3241 Pi·
1029 3180 1052 3245 C
1066 3198 1198 3258 lucrando
1214 3215 1299 3256 noras
1314 3210 1343 3257 et
1353 3199 1471 3269 majores
1485 3202 1623 3273 prioribus
1640 3203 1752 3261 divitias
1770 3204 1865 3275 acqui·

223 3295 283 3352 ter,
306 3282 440 3355 i¹¹⁰¹¹¹⁰d⁰
462 3282 570 3337 d⁰¹¹¹¹¹m
594 3280 749 3337 delinitum
772 3287 800 3335 0‘
822 3279 935 3351 8¹0lilffl
957 3276 1018 3349 eius
1067 3290 1141 3346 olvit.
1161 3290 1220 3348 lloc
1236 3290 1318 3348 modo
1332 3292 1405 3362 quod
1421 3294 1558 3364 pretiosus
1573 3294 1670 3351 imbuit
1688 3296 1762 3351 iliius
1775 3296 1866 3352 consi-

222 3376 325 3435 llici'iil'l
337 3373 448 3446 liblero?
462 3373 542 3429 Pelet·
555 3414 562 3427 .
575 3370 708 3444 Quicquid
722 3370 818 3429 meiius
831 3381 859 3428 el
869 3371 1017 3442 pretiosius
1067 3381 1139 3439 ilarii
1152 3384 1240 3456 regis,
1267 3385 1295 3439 in
1314 3385 1396 3441 domo
1416 3384 1570 3441 delitiarum
1587 3388 1791 3444 qhngupisqviq,
1808 3386 1865 3443 Au·

222 3467 309 3524 babes
324 3480 423 3535 lill⁰¹¹e
441 3464 467 3519 5¹¹
485 3478 517 3521 0³
533 3463 740 3519 ⁰⁰⁵¹0d50¹¹l¹¹¹¹¹¹
758 3470 786 3517 θῑ
804 3460 937 3529 illinies·
953 3477 1016 3520 cunt
1067 3476 1133 3533 ditis
1155 3478 1327 3535 sermonibus
1344 3478 1429 3550 patris
1450 3479 1521 3537 ilius
1542 3481 1631 3552 inquil
1648 3498 1655 3536 :
1673 3479 1789 3538 iuvenis
1813 3481 1866 3538 iste

222 3561 288 3617 illuc
297 3557 416 3624 teneris,
428 3556 475 3612 tibi
486 3562 622 3627 paratum.
634 3552 719 3609 Filius
730 3572 738 3608 a
750 3554 893 3621 Quomodo
905 3568 1017 3624 possum
1067 3569 1205 3639 „premes
1217 3570 1273 3639 ψῃ
1287 3580 1315 3625 eq
1330 3586 1436 3643 magnae
1454 3572 1574 3643 ,pedem
1592 3572 1725 3629 ponpam
1736 3572 1764 3628 pn
1778 3587 1809 3628 ,ο
1821 3571 1863 3628 qu.

224 3656 254 3712 lu
271 3666 331 3707 cam
349 3652 459 3706 domum
481 3647 623 3720 pecuniam
641 3648 805 3718 praemittere
820 3647 897 3717 citius
916 3646 1017 3703 ostium
1068 3667 1159 3714 rufum
1170 3658 1310 3725 indicavit,
1325 3671 1354 3717 (ῃ
1369 3660 1434 3719 [9053
1445 3663 1518 3719 spem
1532 3662 1711 3735 philosophus
1728 3664 1785 3719 qq„
1798 3678 1867 3734 pm.

222 3754 279 3797 nott
300 3740 360 3794 nori
379 3737 471 3793 adirei
486 3737 568 3793 Pater
583 3753 590 3791 ι
605 3735 675 3791 Audi
691 3736 762 3807 quod
780 3734 844 3791 iecit
859 3735 930 3792 illius
948 3748 1016 3790 con·
1067 3752 1141 3821 cqqq
1153 3752 1247 3809 dicens
1261 3770 1268 3807 :
1284 3752 1347 3823 pqr,
1359 3754 1447 3811 „ende
1461 3770 1512 3811 Μ
1526 3759 1656 3813 mmm
1670 3772 1722 3828 pm
1733 3757 1865 3812 smum„

223 3827 319 3885 ‘mliii
343 3826 414 3898 ‘⁰8³⁵
425 3835 486 3897 i⁰⁵i
496 3826 600 3882 ‘lilium
613 3826 708 3895 illlis·
722 3824 826 3882 filiii&
839 3824 931 3895 Paleis
946 3823 1016 3892 sili·
1067 3849 1212 3913 utrumque
1221 3843 1381 3911 lucraberis.
1396 3845 1468 3917 quod
1481 3847 1517 3903 ita
1528 3848 1673 3919 etantinqit.
1687 3846 1766 3904 liius
1779 3846 1865 3903 lilium

223 3934 276 3979 ¹¹0⁰
287 3917 481 3991 subterfugiam
497 3917 608 3974 ¹¹¹⁰¹¹ffi⁸
620 3918 741 3975 libidis&
754 3916 836 3976 Pliif
1067 3936 1207 4006 corrigens
1220 3935 1289 3992 dixit
1303 3954 1311 3992 a
1324 3935 1387 4003 Fili,
1399 3952 1448 4008 pro
1462 3937 1554 3996 loturo
1568 3940 1669 3997 monio
1678 3954 1807 4011 operare.
1820 3956 1866 3995 an·

490 4030 628 4089 FABULA
648 4032 754 4091 xxvii,
1068 4036 1178 4097 tequam
1194 4042 1267 4083 traors
1278 4034 1304 4083 te
1318 4037 1446 4100 segreget
1459 4030 1495 4087 ab
1508 4043 1592 4102 opere
1605 4030 1754 4100 corporali.
1767 4031 1864 4087 Alius:

258 4124 317 4182 ilex
328 4124 438 4197 quidam
451 4122 546 4181 babuit
563 4124 716 4195 sapientem
735 4124 921 4182 consiliarium
934 4134 963 4182 et
975 4125 1017 4181 ia·
1067 4118 1135 4176 Vide
1154 4134 1188 4176 no
1204 4120 1333 4191 dicipiant
1353 4129 1379 4179 te
1396 4122 1542 4180 saculares
1559 4122 1675 4191 delitias,
1694 4134 1723 4182 et
1742 4122 1866 4181 irretitus

222 4218 356 4275 millarem
372 4217 417 4288 qui
433 4215 543 4273 tandem
559 4226 663 4274 natura
676 4216 781 4287 iegibus
794 4216 889 4274 latiens
900 4234 1016 4289 parturn
1067 4209 1183 4267 fallaciis
1197 4211 1374 4268 saeculdriiltts
1384 4214 1482 4270 mortis
1496 4224 1620 4271 tentore
1632 4215 1865 4281 obliviscerisne

222 4311 332 4383 reliquii
352 4312 486 4367 ltaeredem
502 4310 572 4367 belle
594 4308 797 4381 disciplinatum
819 4319 847 4367 ei
863 4311 1016 4378 curialem,
1068 4303 1117 4359 libi
1136 4302 1276 4375 conlingat
1297 4304 1369 4361 diditi
1388 4304 1488 4362 idiloni
1507 4293 1618 4363 domlltll
1635 4307 1729 4365 diliiib
1746 4306 1864 4365 ineunti.

222 4398 266 4463 cui
279 4414 374 4470 totam,
386 4419 448 4477 quae
459 4419 557 4473 magna
570 4414 641 4469 etat,
657 4403 856 4475 possessionem
869 4414 898 4461 et
909 4406 1017 4461 diuitia—
1066 4395 1115 4454 Cui
1132 4396 1223 4455 ultast
1236 4398 1304 4464 Eds.
1314 4409 1402 4470 illei,
1416 4400 1480 4471 quid
1495 4401 1605 4459 decidii·
1620 4400 1721 4459 Pater:

222 4512 284 4553 rum
299 4511 412 4553 aceruus
430 4496 591 4566 subscripsit
603 4503 630 4551 ct
645 4495 726 4551 morti
747 4496 839 4554 cessit.
860 4496 919 4563 Quo
941 4498 1056 4591 taeta„
1325 4490 1464 4547 Fanum
1482 4491 1602 4550 xxvttt.

222 4604 271 4647 ror
296 4589 331 4645 ad
349 4604 379 4646 se
397 4604 510 4661 puerum
527 4589 648 4655 vocarit.
663 4598 692 4645 ct
708 4588 743 4646 de
761 4589 849 4659 patris
865 4604 964 4647 occasu
982 4604 1017 4645 ne
1104 4583 1219 4640 bonum
1236 4584 1330 4642 diuitis
1342 4584 1385 4640 lur
1400 4583 1522 4653 intrauit,
1536 4594 1565 4643 et
1579 4587 1697 4645 dirersis
1709 4603 1775 4655 earn
1788 4591 1867 4663 paris

221 4684 283 4755 pins
291 4682 367 4753 iusto
378 4681 480 4738 doleret
490 4680 652 4749 ammonuit,
661 4689 689 4737 ct
698 4696 876 4753 quaecumque
887 4690 965 4753 pater
978 4681 1016 4737 iili
1067 4674 1176 4746 pienum
1204 4678 1319 4734 inuenit.
1342 4678 1411 4737 ttinc
1429 4679 1600 4751 stupeiactus
1623 4682 1657 4737 de
1683 4680 1802 4739 diuersis
1822 4684 1868 4739 di·

222 4773 340 4845 regenda
351 4772 463 4829 dederat
477 4772 632 4829 testimonio
643 4771 772 4840 ilrmavit,
783 4774 931 4844 ctinsuper
944 4773 1018 4844 quod
1066 4782 1155 4833 veisa.
1170 4769 1204 4825 de
1222 4770 1349 4840 pretiosis
1363 4771 1524 4843 pretiosiora
1544 4772 1646 4845 eliqere
1665 4773 1803 4831 studendo
1819 4788 1869 4831 cu·

222 4877 302 4923 aetate
314 4866 374 4939 ejus
387 4864 512 4938 exigente
531 4864 559 4921 in
580 4865 666 4937 patris
683 4864 772 4923 iocum
786 4880 848 4921 euru
864 4866 1018 4937 susciperet
1068 4862 1156 4925 rasit,
1176 4869 1204 4916 et
1221 4863 1284 4931 quia
1303 4863 1366 4919 viiia
1384 4863 1542 4935 relinquens
1565 4864 1593 4919 in
1613 4864 1740 4935 eligendo
1758 4876 1868 4936 tempus

222 4955 261 5014 iili
273 4954 406 5027 promisit.
422 4956 486 5012 lndr
497 4954 556 5013 tale
569 4956 643 5013 dicto
655 4955 849 5029 laetusjurenis
860 4955 893 5011 ad
906 4955 1016 5027 pmpria
1067 4954 1236 5024 consumpsit
1254 4955 1340 5012 donec
1367 4955 1425 5011 dies
1450 4955 1562 5010 veniens
1581 4954 1647 5027 qnid
1668 4953 1761 5012 iacere
1784 4954 1867 5011 ruilet

222 5048 371 5113 remcavit,
394 5061 475 5117 quem
493 5063 539 5105 rcx
553 5049 682 5105 obliuioni
696 5049 826 5116 tradidit,
843 5063 893 5106 nec
910 5049 968 5120 ipso
982 5049 1016 5105 ad
1068 5042 1178 5099 deterit.
1201 5044 1359 5117 Experrecti
1387 5047 1420 5102 de
1438 5046 1586 5119 impmriso
1602 5047 1699 5119 vigiles
1721 5048 1867 5104 demusin

222 5154 315 5211 regern
335 5152 458 5193 remeate
473 5141 639 5210 properavit.
660 5140 753 5212 Longo
778 5142 907 5213 tenrpou's
929 5143 1017 5198 inter.
1066 5135 1191 5206 eligenti)
1209 5135 1296 5196 silem
1310 5138 1484 5211 reddidisti,
1506 5140 1636 5208 captant,
1658 5138 1723 5197 inde
1750 5140 1817 5197 illlis
1835 5152 1868 5197 ct

222 5230 294 5286 rallo
309 5228 336 5283 in
350 5228 445 5283 eadem
466 5228 575 5298 regione
592 5228 687 5299 inqua
707 5244 775 5301 puer
794 5239 1016 5303 eratcoeperunt
1067 5234 1185 5290 tutibus
1213 5246 1314 5288 caesum
1342 5230 1370 5285 in
1396 5246 1459 5303 yma
1485 5232 1606 5287 carceris
1629 5231 1790 5288 detrudunt.
1819 5233 1866 5287 dd

221 5334 303 5394 eqcre
330 5319 399 5377 adeo
422 5319 494 5390 qnod
520 5319 650 5393 cyborum
682 5322 770 5378 inedia
793 5323 1016 5395 periclitarentur
1066 5328 1190 5384 ultimum
1202 5325 1265 5379 data
1275 5322 1411 5393 sicntjam
1423 5322 1457 5378 de
1469 5320 1740 5379 conicssosententia
1753 5338 1867 5380 narraras

222 5414 304 5469 lanae.
320 5410 396 5480 Quod
410 5412 504 5469 ridens
520 5426 588 5483 puer
601 5412 678 5469 bona
693 5414 792 5471 indolis
805 5415 898 5471 animo
911 5417 1015 5473 carulo·
1065 5418 1180 5474 audiens
1203 5416 1339 5489 hystorias
1359 5413 1501 5483 capitalem
1521 5416 1685 5470 senitentiam
1699 5416 1799 5481 subiit,
1812 5418 1866 5486 qai

221 5500 282 5567 init,
295 5502 440 5559 condolens
454 5503 553 5559 lrorrea
567 5501 684 5575 deplevit
696 5514 724 5561 et
737 5508 904 5579 pauperibus
916 5508 1014 5565 distri·
1065 5508 1088 5565 si
1103 5518 1158 5564 tana
1173 5522 1256 5579 propa
1273 5506 1345 5561 diem
1362 5512 1506 5561 venturum
1516 5506 1732 5576 praecogitasset,
1744 5522 1779 5562 ne
1794 5508 1866 5563 loris

221 5592 294 5660 buit,
304 5602 332 5649 ct
346 5594 380 5650 de
390 5609 460 5664 penu
473 5594 565 5651 vinum
575 5596 696 5653 extrusit
706 5608 842 5655 etcarnes
852 5613 922 5671 quas
932 5613 1015 5670 eqen-
1065 5611 1094 5660 et
1108 5600 1224 5659 iustibus
1246 5601 1408 5662 caederetur.
1422 5598 1465 5653 rel
1486 5600 1559 5669 quod
1580 5600 1692 5670 qraritta
1706 5600 1808 5669 estitit,
1824 5617 1866 5658 ne

223 5684 296 5741 tibus
308 5686 439 5757 cremaris
456 5686 602 5743 Crescente
614 5688 742 5758 penuria,
757 5690 920 5746 decrescens
935 5703 1015 5761 pecu·
1065 5693 1154 5763 capite
1167 5692 1322 5763 privaretur
1334 5687 1517 5761 precavisset.

222 5776 266 5831 nia
279 5775 459 5845 irttliqentiitua
470 5792 523 5834 non
536 5776 652 5836 suilccit.
661 5778 758 5837 Postea
771 5779 833 5835 dato
844 5795 893 5853 pro
905 5796 1013 5837 arraona
1100 5782 1175 5839 Alius
1189 5783 1367 5855 philosophus
1382 5781 1450 5839 dixit
1462 5800 1469 5837 ε
1480 5780 1565 5854 ilarius
1575 5781 1667 5839 sectili
1682 5782 1783 5841 divitia
1794 5793 1864 5841 tunt
