4017 6342
125 352 165 409 tat
596 354 882 417 DEFLOilthONES
902 358 951 415 SS.
972 358 1127 417 rathen.
1144 390 1179 399 -
1200 360 1263 415 Llli.
1284 359 1303 415 l.
1696 368 1748 425 822

126 477 272 526 vernrrteas
296 486 384 542 usque
404 470 437 525 ad
450 484 598 524 sumntum,
613 468 647 523 Et
668 471 737 526 disit
752 471 881 528 eislcsus
896 492 901 526 :
919 480 941 534 Α
956 474 982 527 in
998 472 1119 529 Genesi:
1142 492 1151 527 ι
1176 472 1319 543 Relinque!
1344 475 1425 530 honre
1451 484 1554 545 patrem
1570 486 1596 533 ct
1622 488 1747 543 matrem,

128 558 227 617 lhurite
241 579 330 626 stunc,
345 564 450 619 etlerte
465 560 659 617 architriclino,
673 562 705 618 ht
717 566 872 622 tutelerunt.
894 587 903 620 ι
958 567 1105 623 ιιιΙι-ιιιιιὶι
1131 568 1208 622 uxori
1227 582 1296 635 sure,
1322 580 1347 623 et
1367 580 1449 625 crunt
1468 574 1523 628 duo
1542 572 1569 627 in
1595 588 1677 628 ear-rte
1695 590 1749 627 una

156 653 362 711 architriclinus
376 663 418 711 est
431 655 557 725 princeps
570 654 690 721 triclinii,
703 657 728 710 id
741 665 783 711 est
797 658 908 713 diseun-
958 652 1035 725 (Cen.
1053 656 1094 725 u).
1111 674 1120 707 ι
1136 654 1263 711 Christus
1274 657 1389 713 adhaesit
1400 658 1538 731 Ecclesiae,
1553 672 1582 719 ιιι
1593 672 1684 719 ιιιιιι
1695 664 1752 721 duo

130 744 238 801 bantium
264 746 292 801 in
316 747 445 803 triclinio.
470 743 629 801 Triclinium
645 762 709 803 vcro
732 750 826 805 dicunt
847 766 908 807 csse
958 748 985 801 in
998 764 1080 803 carne
1106 764 1170 819 una,
1189 756 1216 804 ιι
1241 748 1292 804 luit
1305 750 1458 823 relinquere
1471 764 1574 826 patrem
1601 772 1656 811 non
1675 756 1701 811 in
1718 772 1751 813 ea

130 838 205 891 aulam
220 836 436 904 tricameratam,
455 840 497 893 vel
515 848 571 897 tres
584 844 680 899 donros
693 843 734 896 vel
749 853 803 899 tres
817 858 908 898 came·
959 838 1047 895 inerna
1084 855 1214 910 apparere
1240 842 1399 898 leontinibus
1430 845 1457 899 in
1488 863 1543 917 qua
1572 858 1614 905 est
1638 846 1752 919 aquatis

130 946 165 985 ms
183 946 247 985 eum
276 934 413 988 testudine
429 932 526 1001 lactas,
545 935 572 989 in
598 937 698 1007 quibus
717 938 847 993 sedebant
867 938 908 993 di.
959 930 1043 985 Patri.
1064 929 1182 1000 Reliquit
1196 939 1311 986 matrem
1326 931 1437 1001 quando
1450 934 1482 990 de
1500 936 1642 1007 Synagoga
1660 948 1751 995 trans-

129 1021 301 1088 scumbentes,
320 1024 399 1093 quasi
417 1025 469 1079 sub
484 1028 572 1083 tribus
585 1029 714 1085 arcubus.
959 1023 1008 1078 irit
1025 1022 1057 1077 ad
1073 1021 1234 1078 Ecclesiam.
1260 1020 1370 1077 Poterat
1388 1022 1520 1081 Dominus
1546 1028 1668 1099 vigilanti
1687 1028 1752 1085 Adae

160 1130 168 1162 r
188 1110 223 1167 Ut
247 1122 339 1169 autem
355 1116 473 1185 gnstavit
488 1119 691 1175 architriclinus
703 1136 803 1191 aquam
814 1120 909 1177 riuum
959 1121 1064 1170 eostam
1081 1113 1139 1169 sine
1160 1114 1252 1169 dolore
1264 1114 1377 1169 evellere
1392 1116 1492 1185 (tlte),
1507 1118 1553 1173 sed
1566 1120 1659 1187 procul
1670 1120 1753 1175 dubio

129 1202 229 1270 lactum,
244 1213 274 1258 et
292 1220 347 1261 noo
363 1207 464 1264 sciebat
479 1210 551 1265 narde
571 1220 661 1274 esset.
677 1212 796 1266 ministri
817 1221 908 1267 antem
959 1205 1062 1261 Christi
1075 1206 1203 1261 ‹lorrrtitio
1218 1205 1244 1259 iu
1259 1220 1340 1259 cruce
1356 1204 1383 1259 in
1392 1220 1425 1259 eo
1435 1203 1650 1278 significabatur,
1662 1209 1696 1265 tle
1708 1228 1757 1267 eu-

129 1296 241 1352 seiebant
254 1298 302 1369 qui
319 1299 468 1355 hauserant
484 1318 584 1373 aquam
598 1344 605 1369 ,
627 1313 706 1358 vocat
720 1318 851 1372 sponsum
866 1320 910 1359 ar·
959 1298 1005 1368 jus
1018 1297 1101 1351 latere
1114 1306 1244 1365 tanquam
1256 1310 1356 1363 sponsa
1369 1292 1507 1351 fluxerunt
1522 1306 1692 1359 sacramenta
1706 1298 1758 1353 Ee-

129 1387 297 1455 chitriclinus,
313 1397 339 1444 et
353 1390 420 1445 dicit
444 1391 469 1445 ei
493 1410 499 1445 ε
524 1391 622 1449 Omnis
637 1394 719 1449 homo
732 1395 910 1464 primumbn
961 1390 1061 1443 clesiae.
1076 1388 1114 1442 be
1127 1386 1192 1442 vino
1217 1386 1333 1441 aliarum
1350 1386 1506 1455 hydriarum
1523 1387 1658 1444 bibamus.
1677 1389 1758 1445 Chri-

129 1480 292 1535 numvinum
317 1482 409 1551 ponit;
425 1494 452 1537 ct
476 1498 539 1539 cum
564 1484 690 1541 inebriari
712 1485 824 1555 tuerint,
847 1496 912 1543 ωηο,
962 1476 1249 1550 stnsliguratusestin
1264 1473 1687 1535 Noe.rlamideoinarcaonrnta
1700 1481 1759 1535 ani-

128 1570 150 1625 td
166 1570 236 1641 quod
250 1570 370 1627 deterius
383 1580 434 1627 cst.
453 1572 493 1628 Tu
512 1582 603 1630 autem
619 1576 735 1631 servasti
753 1577 846 1633 rirrum
861 1578 911 1633 bo·
962 1570 1045 1627 naalia
1061 1579 1127 1626 ιιιιι
1138 1570 1241 1624 inclusa
1255 1564 1331 1638 (Cen.
1345 1569 1404 1637 vu),
1420 1577 1450 1623 ut
1462 1583 1558 1625 omnes
1570 1579 1665 1641 gentes
1678 1571 1760 1641 signi-

128 1678 184 1717 nam
207 1678 295 1733 usque
319 1663 418 1719 adbuc.
447 1664 504 1721 lloe
531 1664 595 1721 lecit
627 1667 736 1723 initium
771 1669 911 1739 signorum
962 1665 1111 1720 licarentur
1128 1664 1264 1719 salvandae
1278 1662 1759 1737 perChristum.Nouenimdccmt

127 1752 196 1809 iesus
223 1755 252 1808 in
278 1753 353 1809 Cana
382 1754 510 1824 Galilaea,
537 1765 565 1811 et
592 1757 776 1815 manifestavit
798 1761 911 1830 gloriam
964 1755 1021 1811 beo
1049 1772 1145 1811 rursus
1170 1772 1283 1811 causare
1308 1770 1388 1811 omne
1411 1770 1497 1825 genus
1518 1755 1691 1819 aninmlimn,
1709 1754 1757 1809 sed
1782 1760 1786 1771 '

128 1862 207 1901 stram.
232 1866 242 1897 ι
928 1839 950 1893 Β
963 1851 1025 1905 ideo
1036 1865 1083 1919 per
1097 1850 1201 1919 lignum
1215 1848 1317 1903 salvata
1331 1856 1404 1911 sunt,
1417 1847 1481 1911 qtria
1492 1856 1518 1902 et
1533 1862 1582 1903 rios
1594 1864 1641 1918 per·
1653 1848 1757 1919 lignum

157 1936 225 1991 inter
241 1936 326 1993 multa
337 1938 415 2010 signa
426 1954 488 2011 qnae
502 1937 566 1996 lecit
580 1938 659 1997 lesus
672 1942 699 1997 in
706 1941 781 1998 Cana
796 1942 914 2001 Galilaeae
964 1942 1087 1999 salvandi
1103 1957 1222 1995 eramus.
1238 1940 1265 1994 ln
1283 1939 1360 1995 tertia
1375 1936 1470 2009 hydria
1487 1940 1591 1993 audivit
1606 1940 1757 1996 abranam.

128 2025 173 2080 init
190 2027 241 2083 hoe
266 2028 397 2099 primum,
418 2039 446 2085 et
465 2030 585 2101 quedam
609 2030 750 2104 dignitatis
774 2036 915 2107 privilegio
968 2052 977 2085 ι
997 2033 1024 2087 ln
1041 2034 1144 2089 semine
1155 2040 1202 2087 tuo
1217 2031 1414 2087 benedicentur
1437 2045 1533 2086 ιιιιιιι
1561 2041 1655 2103 gentes
1680 2032 1756 2104 (Gen.

126 2118 316 2177 elementorum
348 2122 536 2191 conversione,
575 2124 763 2181 manifestavit
799 2128 914 2199 gloriam
964 2124 1045 2196 xxrr).
1066 2144 1075 2177 ι
1095 2122 1163 2191 Quis
1182 2138 1236 2179 non
1259 2122 1333 2177 videt
1359 2120 1438 2191 crrjus
1460 2119 1758 2193 figuramhahuituni-

126 2226 209 2277 suam,
227 2211 255 2267 id
276 2223 318 2269 est
341 2214 471 2270 latentem
487 2215 627 2274 deitatem.
651 2218 814 2275 iliracnlum
837 2236 914 2291 aquae
964 2234 1014 2275 eos
1027 2218 1086 2289 ejus
1100 2218 1172 2287 ligna
1190 2224 1303 2287 portans
1315 2215 1350 2271 ad
1362 2213 1538 2281 sacrificium,
1551 2230 1606 2284 quo
1618 2214 1759 2273 irrunolan·

126 2315 260 2356 conrersae
285 2304 313 2357 in
343 2305 437 2360 vinum
469 2309 618 2376 miramur,
646 2319 673 2365 et
698 2326 752 2366 non
781 2312 914 2366 miramur
964 2306 1760 2379 dusducebatur:portavitenimDominuserucemsuam,

125 2394 184 2461 quia
207 2396 285 2450 omni
310 2410 383 2453 anno
399 2396 548 2454 benefacit
570 2398 642 2455 lieres·
658 2402 685 2455 in
697 2402 813 2469 vitibus,
835 2411 863 2455 ιι
881 2402 914 2457 de
964 2402 993 2457 ln
1009 2409 1106 2472 quarta
1119 2401 1214 2473 hydria
1225 2400 1291 2455 dicit
1303 2398 1389 2453 David
1406 2438 1412 2449 .
1431 2417 1440 2447 ι
1460 2394 1557 2467 Surge,
1572 2394 1653 2463 bens,
1666 2396 1760 2465 judica

125 2500 177 2541 uno
189 2503 276 2558 grano
289 2489 375 2545 muita
391 2488 465 2547 lacit.
481 2490 515 2547 Et
533 2492 618 2562 (quod
634 2493 724 2564 majus
738 2494 790 2559 est)
813 2494 913 2549 eoelum
965 2504 1076 2551 terram.
1086 2493 1221 2561 Quoniam
1233 2502 1261 2548 tu
1274 2488 1446 2548 haereditabis
1458 2489 1483 2541 in
1497 2488 1761 2559 omnibusgentibns

124 2590 149 2636 et
160 2588 261 2636 terram
283 2582 318 2637 de
335 2582 422 2638 nihilo
442 2583 555 2653 creavit,
580 2600 667 2655 eaque
689 2586 849 2639 mirabiliter
865 2602 914 2656 go·
966 2586 1053 2661 (Paul.
1067 2588 1172 2657 savar).
1189 2604 1198 2639 ι
1213 2584 1355 2657 Tanquam
1367 2586 1504 2641 diceretur
1521 2602 1527 2635 t
1543 2582 1758 2651 Dormistijmli-

123 2673 226 2729 bernat.
241 2672 313 2745 Ergo
328 2674 392 2744 quia
407 2674 534 2730 homines
544 2674 571 2728 in
587 2675 661 2732 aliud
673 2675 780 2743 intenti,
793 2676 915 2745 perdide-
965 2690 1066 2736 eatusa
1082 2688 1164 2745 terra,
1177 2686 1293 2750 surgent
1305 2678 1529 2744 judieesterram.
1539 2675 1567 2729 ln
1577 2675 1760 2745 quintae-tate

122 2777 184 2822 runt
211 2766 459 2822 considerationem
474 2782 587 2837 operum
600 2764 719 2834 bomini,
736 2767 763 2821 in
776 2782 831 2837 qua
845 2782 915 2837 quo-
965 2770 1256 2839 viditlianieliapidem
1265 2764 1762 2839 praecisumdemontesinernanibus,

122 2856 190 2912 iidie
203 2872 267 2912 0¹¹¹ss
282 2856 436 2922 laudarent,
465 2856 585 2912 servatii
613 2856 665 2912 Silii
691 2856 764 2913 ⁰0⁰⁵
789 2858 914 2928 ttttaedam
965 2874 992 2921 et
1010 2864 1123 2935 fregisse
1139 2844 1230 2917 omnia
1248 2876 1330 2931 regna
1345 2869 1490 2927 terrarum,
1508 2868 1542 2919 et,
1550 2859 1669 2914 crevisse
1683 2857 1761 2915 illurn

120 2948 253 3004 inusitata
274 2964 335 3019 ¹1¹¹ae
351 2948 462 3014 laceret,
483 2958 513 3004 ¹¹²
527 2958 658 3021 [anquam
672 2949 841 3005 dormientes
862 2950 914 3005 bo·
965 2957 1094 3027 lapidem,
1111 2954 1254 3009 etinctum
1275 2968 1336 3008 csse
1365 2961 1484 3007 orontem
1509 2967 1649 3023 tnagnnm,
1673 2950 1709 3005 ita
1730 2956 1762 3003 ut

119 3043 211 3096 ruines
224 3042 259 3095 ad
271 3057 301 3097 se
313 3041 459 3096 colendum
471 3042 644 3098 mirabilibus
653 3044 793 3099 eteimrct.
807 3041 913 3115 hqtram
966 3049 1091 3119 impis-ret
1109 3046 1264 3101 universam
1278 3042 1374 3099 larsiem
1391 3052 1468 3099 terrae
1482 3043 1564 3115 (Dara.
1583 3048 1625 3112 n).
1650 3040 1687 3095 be
1706 3056 1762 3111 quo

118 3136 201 3189 vertit
214 3132 297 3190 lesus
310 3134 338 3188 in
356 3135 461 3200 riuum,
475 3149 538 3189 eum
559 3134 704 3204 insipidam
719 3144 839 3191 mentem
854 3152 916 3192 car·
966 3150 1059 3196 monte
1075 3136 1241 3209 predicitur,
1269 3136 1322 3191 nisi
1340 3136 1373 3191 de
1398 3151 1482 3207 regno
1505 3134 1673 3198 ludaeorum,
1690 3132 1762 3187 unde

118 3226 226 3282 nalinm
249 3240 349 3295 sapore
371 3225 492 3281 scientiae
519 3226 638 3281 coelcstis
661 3226 767 3281 imbuit.
798 3228 915 3284 Erarnus
967 3230 1094 3286 Christus
1113 3227 1263 3285 secundum
1288 3241 1398 3281 carnem
1417 3235 1498 3281 natus
1522 3234 1573 3291 ιιι,
1598 3224 1656 3279 sine
1679 3238 1763 3294 opere

116 3319 293 3390 sitimque,
317 3317 345 3373 id
369 3327 413 3373 est
433 3316 609 3386 insipientes,
623 3326 650 3371 ei
666 3316 729 3372 iecit
743 3331 795 3373 nos
809 3318 914 3385 vinum.
967 3324 1091 3379 humano
1106 3320 1216 3391 quando
1227 3320 1285 3375 sine
1304 3318 1431 3387 amplexu
1449 3318 1584 3371 marritali?
1602 3316 1642 3373 nd
1657 3324 1762 3370 sextam

116 3416 206 3471 idest
226 3413 364 3484 sapientes
379 3410 461 3467 iidem
478 3411 575 3482 ipsios.
601 3408 650 3467 vet
664 3426 735 3481 aqua
755 3410 917 3482 intelligitur
967 3425 1073 3471 aetatem
1092 3412 1208 3485 pertinet
1229 3410 1350 3465 loannes
1375 3408 1495 3479 Baptista
1518 3410 1632 3464 dicens:
1652 3405 1762 3460 «Nolite

116 3506 266 3563 scientiam
290 3504 427 3561 mundans
452 3505 621 3561 auditoresa
642 3503 770 3559 sordibus
790 3514 916 3573 peecato-
967 3508 1058 3564 dicere
1074 3528 1079 3560 :
1093 3506 1201 3561 Patrem
1214 3502 1347 3559 hahemus
1362 3502 1510 3557 blnaham.
1527 3502 1626 3557 Potens
1637 3509 1677 3556 est
1688 3500 1766 3557 enim

116 3614 278 3671 rum:quae
294 3607 361 3655 tunc
380 3599 550 3653 convertitur
563 3598 590 3651 in
614 3596 719 3662 vinum,
736 3600 847 3665 quande
864 3594 916 3649 ali·
968 3600 1041 3655 bens
1065 3599 1098 3654 de
1124 3596 1263 3667 lapidibus·
1289 3598 1348 3653 istis
1375 3596 1510 3653 suscitare
1543 3594 1614 3649 lilios
1646 3592 1765 3647 Abrahae

118 3696 185 3765 qnis
197 3712 230 3751 ex
247 3701 304 3750 toto
320 3691 492 3748 obliviscitur
506 3690 705 3763 preteritorum
721 3688 867 3755 malorum,
883 3702 917 3742 ne
969 3688 1078 3759 (Mettis.
1101 3688 1177 3756 ιιι).ι
1199 3684 1314 3755 Lapides
1342 3685 1436 3741 dicens
1460 3692 1554 3756 gentes
1576 3700 1631 3738 non
1653 3692 1771 3753 propter.

119 3788 148 3841 in
170 3803 204 3842 ea
227 3789 339 3856 incidat,
352 3798 380 3845 et
402 3786 497 3857 incipit
515 3786 604 3840 calere
618 3782 646 3837 in
661 3780 708 3837 Dei
726 3798 830 3850 amore,
846 3782 918 3837 sieut
969 3780 1137 3842 hrmitatem,
1163 3777 1222 3833 sed*
1235 3776 1391 3833 stoliditatis
1410 3776 1555 3844 duritiam,
1580 3776 1645 3831 rhun
1664 3774 1766 3829 adora-

119 3879 216 3934 rinum
229 3880 368 3937 inebrians
387 3877 537 3935 obliviosos
559 3874 624 3931 lacit
640 3882 781 3946 potatores
804 3882 832 3928 et
845 3874 917 3929 cale·

121 3968 200 4025 lacit.
213 3970 353 4026 Convertit
365 3985 452 4043 aquas
465 3968 592 4024 Clu-istus
608 3968 636 4023 in
649 3967 755 4031 vinum,
770 3964 835 4019 dum
856 3980 918 4035 qne

125 4062 245 4117 oerrelia
270 4063 433 4118 ridebantur
449 4059 476 4114 in
495 4059 564 4127 lege,
580 4056 733 4129 spiritualia
747 4056 876 4124 ostendit,
892 4065 920 4111 et

126 4154 294 4222 superliciem
310 4154 407 4209 litterae
420 4160 528 4225 plenam
541 4151 644 4209 coelesti
661 4151 762 4205 virtute
774 4149 859 4204 videri
880 4147 919 4203 le·

128 4244 177 4299 rit.
196 4246 320 4302 Christus
332 4246 405 4303 euim
423 4247 449 4301 in
467 4244 608 4319 prophetis
626 4243 741 4299 necdum
759 4240 919 4298 manifesta-

129 4343 175 4389 tus
188 4338 264 4407 qnasi
279 4339 372 4391 einum
388 4337 416 4391 in
430 4352 501 4408 aqua
524 4336 621 4403 latnit;
638 4333 684 4389 sed
703 4348 765 4389 eum
779 4333 920 4405 discipulis

128 4427 235 4495 aperuit
257 4443 368 4483 ιιιιιιιι
396 4436 426 4483 ιι
450 4428 632 4499 intelligerent
653 4426 810 4501 Scripturas
842 4424 918 4497 (Luc.

970 3871 1036 3926 bant
1052 3870 1209 3932 simulacra,
1227 3868 1330 3923 similes
1347 3865 1409 3921 laeti
1423 3876 1488 3922 ιιιιιι
1501 3868 1564 3923 illis.
1586 3865 1663 3921 Unde
1674 3865 1739 3919 illud
1757 3908 1763 3920 .

972 3983 981 4013 ι
998 3963 1107 4017 Similes
1123 3961 1175 4015 illis
1189 3960 1254 4013 Γιιιιιι
1271 3958 1316 4029 qni
1334 3957 1437 4013 iaciunt
1457 3976 1499 4024 ca,
1517 3960 1605 4028 etqui
1623 3956 1766 4012 corrhdunt

970 4054 1050 4110 ineis
1069 4050 1255 4127 (Probatur).
1272 4071 1281 4103 r
1304 4048 1370 4105 hem
1384 4065 1431 4105 sex
1452 4050 1555 4122 hydriae
1569 4059 1633 4105 sunt
1646 4048 1765 4119 perlecta

970 4146 1053 4203 corda
1066 4157 1235 4210 sanctorum,
1248 4144 1274 4197 in
1288 4140 1331 4196 bis
1346 4140 1472 4196 aetatibus
1494 4138 1614 4209 receptui
1638 4135 1765 4205 Scriptu-

971 4255 1065 4294 rarum
1076 4237 1124 4293 Dei
1137 4246 1241 4309 parata,
1257 4233 1453 4303 inexemplum
1474 4230 1582 4287 videndi
1608 4238 1690 4300 atque
1705 4242 1765 4282 crc-

970 4332 1051 4389 tlcndi
1075 4331 1226 4401 proposita.
1247 4328 1280 4383 Et
1299 4338 1363 4384 sunt
1380 4327 1495 4399 lapidea,
1521 4322 1547 4379 id
1574 4331 1616 4378 est
1636 4320 1716 4375 lortia
1737 4320 1764 4373 ir

972 4426 1082 4480 Christo
1108 4424 1206 4494 lapide.
1234 4420 1389 4477 Seermdum
1414 4404 1631 4493 purilicatinnem
1657 4412 1768 4469 tortas·

128 4521 220 4587 ιιιι),
239 4519 332 4575 vinum
348 4518 488 4575 inebrians
501 4520 553 4575 luit
565 4520 622 4590 ipse
636 4512 762 4576 Christus
777 4520 804 4573 in
824 4518 881 4590 lege
893 4524 920 4573 ιι
936 4524 1033 4577 baum
1044 4517 1147 4573 dietum
1163 4523 1215 4585 est,
1239 4513 1303 4585 quia
1318 4512 1355 4567 illi
1369 4521 1473 4569 tantum
1489 4511 1588 4582 populo
1609 4506 1768 4563 ludaeorum

127 4610 268 4678 prophetis
282 4610 482 4667 manifestatus.
494 4611 540 4667 illa
552 4612 634 4685 igitur
646 4612 798 4683 Scriptura,
812 4611 876 4664 tlrtm
891 4610 918 4665 in
972 4612 1016 4666 lex
1030 4611 1092 4666 data
1115 4618 1168 4676 est,
1184 4608 1231 4665 sed
1243 4607 1329 4679 gratia
1343 4622 1390 4677 per
1403 4602 1542 4679 Christum
1555 4602 1681 4656 omnibus
1694 4596 1767 4654 laeta

126 4716 165 4755 eo
178 4704 374 4772 sublevamine,
390 4704 474 4761 idest
490 4706 524 4761 ad
542 4706 726 4775 operationem
742 4704 839 4759 littere
856 4703 921 4758 latet
973 4712 1024 4758 est.
1040 4699 1104 4757 ldeo
1114 4716 1168 4755 non
1180 4700 1281 4756 dietum
1294 4708 1334 4755 est
1348 4698 1486 4769 capientes
1501 4702 1629 4750 nretretas
1653 4692 1712 4747 alte
1725 4688 1762 4747 bi·

125 4790 256 4851 Christus
270 4797 342 4866 sapit
361 4812 461 4866 aquarn
487 4797 643 4867 insipidam.
660 4796 729 4853 Cum
748 4811 813 4851 vero
832 4794 922 4849 aulert
973 4810 1035 4858 nas,
1052 4793 1112 4849 aliae
1124 4801 1226 4858 ternas,
1245 4788 1291 4844 sed
1305 4787 1385 4843 binas
1398 4786 1557 4851 vel'ternas,
1571 4792 1601 4837 ut
1618 4784 1675 4853 ipse
1693 4780 1763 4837 dice-

126 4883 250 4940 velamen
260 4896 302 4942 est
315 4887 410 4942 riuum
426 4887 575 4943 inebrians.
591 4886 643 4943 Ser
654 4888 756 4960 hydria}
767 4902 815 4943 sex
828 4896 922 4941 aetates
973 4894 1015 4941 ret
1028 4885 1106 4939 binas
1126 4896 1196 4953 quas
1220 4887 1322 4934 ternas.
1345 4876 1415 4933 Sunt
1434 4892 1498 4950 ergo
1512 4876 1572 4931 divae
1591 4890 1727 4931 mensurae
1738 4874 1767 4929 in

128 4986 271 5051 suntquae
287 4982 406 5037 inaniter
431 4988 583 5047 currerent,
611 4982 664 5036 nisi
690 4980 817 5035 Christus
831 4980 858 5032 in
882 4979 922 5033 eis

129 5072 333 5135 praedicaretur.
357 5071 448 5128 Prima
464 5082 530 5127 aetas
549 5081 591 5126 est
613 5072 648 5125 ab
669 5070 754 5123 Adam
781 5084 867 5139 usque
888 5068 922 5122 ad

130 5156 204 5225 Noe;
221 5166 350 5231 oeeunda,
366 5161 501 5234 usquead
516 5163 669 5227 Abrabam
684 5161 773 5227 tertia,
790 5161 923 5230 usquead

132 5248 217 5309 David
227 5274 234 5322 ;
246 5266 354 5327 quarta,
375 5255 512 5326 usquead
529 5254 812 5324 transmigrationum
828 5254 923 5322 quinta

130 5344 166 5398 ad
183 5344 315 5405 loannem
333 5348 499 5418 Baptistam3
514 5357 601 5412 sexta,
618 5346 680 5400 inde
696 5362 783 5417 usque
797 5346 829 5401 ad
843 5346 922 5400 tinem

131 5439 236 5495 secuti.
249 5438 392 5510 Proplretia
404 5439 431 5492 in
440 5438 554 5510 singolis
571 5438 707 5504 aetatibns,
721 5438 800 5507 qnasi
810 5438 921 5509 hydrus.

132 5522 289 5585 Scettndum
314 5531 432 5584 litteram
453 5544 524 5599 aqua
546 5526 675 5597 insipida,
690 5529 867 5597 quomodoin
880 5528 922 5582 vi·

131 5628 201 5675 num
213 5632 342 5689 ructetur,
360 5638 422 5677 eum
436 5620 469 5676 ad
480 5619 619 5675 Christum
635 5626 662 5673 et
676 5620 709 5673 ad
725 5636 820 5676 ιιιιιιιι
831 5630 923 5691 gentes

128 5712 266 5771 referatur
281 5718 432 5772 videamus.
451 5714 587 5783 Quttqmd
605 5715 773 5786 ligurabatur
796 5716 822 5769 in
838 5715 923 5769 halam

125 5796 166 5854 (le
190 5805 311 5877 Chimo,
331 5811 368 5864 ιιι
390 5825 484 5864 ιιιιιιιιι
504 5817 597 5879 gentes
623 5810 784 5881 pertinebat,
805 5816 833 5862 ιιι
859 5807 923 5862 illud

975 4976 1134 5047 Scriptnris,
1155 4976 1219 5031 dum
1235 4974 1352 5029 Paterct
1367 4970 1452 5027 Filius
1468 4969 1657 5035 nominantur,
1669 4966 1716 5023 sed
1731 4966 1768 5022 ibi

975 5071 1093 5141 Spiritus
1110 5070 1157 5140 qui
1173 5066 1263 5123 Patris
1283 5074 1327 5121 est
1347 5072 1374 5119 et
1387 5062 1449 5116 Filii
1465 5061 1634 5134 intelligitur,
1651 5069 1681 5115 ut
1706 5058 1767 5114 ibi:

978 5162 1102 5217 «Omnia
1123 5162 1150 5215 in
1175 5158 1307 5231 sapientia
1329 5154 1416 5227 (Psoi.
1433 5156 1503 5226 cur),
1520 5176 1529 5207 ι
1548 5154 1632 5209 idest
1650 5152 1677 5206 in
1697 5150 1768 5203 Filio

975 5253 1073 5309 iecisti.
1096 5252 1163 5307 Tres
1185 5258 1393 5319 metretaesunt,
1417 5250 1482 5305 dum
1506 5245 1648 5301 nominato
1663 5238 1765 5311 Spiritu

975 5354 1072 5404 sancto
1102 5342 1222 5399 Trinitas
1248 5340 1420 5396 manifestius
1450 5337 1619 5407 intelligitur,
1644 5344 1673 5385 ut
1702 5330 1740 5384 ibi
1758 5348 1780 5384 :-

979 5462 987 5493 ι
1007 5440 1145 5511 Baptizato
1159 5453 1207 5494 eos
1221 5438 1248 5491 in
1264 5436 1373 5490 nomine
1384 5433 1484 5499 Patris,
1494 5440 1518 5486 et
1529 5428 1635 5495 liilii,et
1648 5425 1766 5497 Spiritus

976 5529 1062 5585 sancti
1075 5526 1184 5595 (dlotth.
1199 5524 1304 5593 xxvrn).
1323 5542 1331 5574 ι
1354 5522 1439 5576 Aliter
1454 5520 1524 5575 bime
1538 5518 1578 5573 vel
1593 5524 1675 5571 ternae
1691 5528 1780 5595 niort-¹

976 5635 1047 5675 suite
1073 5626 1136 5673 sttnl
1163 5630 1258 5670 ornttcs
1286 5618 1379 5682 gentes
1402 5608 1435 5662 ad
1459 5624 1527 5679 quas
1547 5602 1768 5675 pertinentScri·

976 5722 1071 5782 ptume,
1085 5710 1154 5762 itinn
1167 5716 1274 5777 propter
1289 5702 1460 5773 praeputium,
1479 5708 1505 5751 ct
1519 5692 1765 5757 circumcisionem,

977 5818 1059 5859 ternae
1084 5804 1145 5873 qnia
1170 5818 1184 5854 a
1210 5799 1298 5853 tribus
1324 5794 1384 5847 liliis
1413 5790 1466 5845 Noe
1492 5798 1553 5845 ιιιιιι
1572 5784 1764 5841 ιιίιιιιιιίιιιιιι.
