4017 6342
286 335 334 391 151
837 326 969 383 rtuttuts
988 324 1141 382 abluebat
1159 323 1349 382 TULLENSlS
1841 340 1880 398 qq

645 440 713 496 illi.
1091 439 1254 509 Accolesiae
1268 439 1341 495 Beati
1367 438 1465 497 Leonis
1480 438 1643 497 habendum.
1665 440 1790 501 Pratema
1812 457 1883 509 matri-

352 537 519 609 Priuiteqiuvu
532 532 740 605 procliuius.
757 529 853 586 leonis
868 530 1009 586 Tullensia.
1128 532 1283 589 mouiornm
1296 543 1324 589 et
1349 534 1586 604 desponsationum
1611 550 1676 591 usus
1701 545 1729 593 et
1750 548 1885 604 oomuetutlo

583 620 778 693 tannetum.)
1128 624 1193 679 talis
1205 624 1304 681 ibidem
1317 625 1443 693 habetur,
1456 634 1496 693 ut,
1505 627 1527 682 si
1537 626 1599 697 quis
1612 627 1780 687 maseriarum
1792 632 1886 706 aliquam
1966 610 1967 627 ³

484 714 562 787 [born
574 713 685 770 Cannar
709 714 755 767 ubi
773 710 877 785 cupre]
1127 715 1279 773 deleminis
1301 714 1512 773 martinimontis
1529 719 1629 775 ducere
1643 719 1766 788 voluerit,
1779 724 1887 785 sinemo·

201 855 203 863 ,
319 813 348 864 1η
362 807 471 863 nomine
482 804 582 868 l‘atris,
598 816 626 859 et
646 804 718 868 Filii,
729 813 757 859 et
767 803 884 873 Spiritus
901 804 1001 869 sancti,
1013 804 1078 861 Pron
1128 808 1290 864 tradictione
1310 808 1406 875 liccam
1421 810 1473 865 hoe
1496 796 1588 865 etiam'¹
1603 808 1802 870 martinimontis
1821 816 1887 875 ionii·

285 899 333 955 liei
356 898 444 971 qratia
458 896 609 953 chvcorum
632 895 742 951 livrmilis
766 898 928 966 episcopus,
953 894 1077 952 lldclibua
1128 910 1187 962 nes,
1202 901 1230 952 in
1254 902 1329 954 curia
1346 898 1524 955 maseriarum
1537 899 1726 969 insubtinent.

284 990 387 1049 Christi
412 988 545 1045 universis
567 999 622 1045 tarn
644 989 824 1068 praesentibus
846 1004 927 1059 quant
949 990 1076 1061 posteris,
1164 988 1192 1043 st
1204 1003 1268 1045 vero
1281 995 1442 1061 desponsata
1456 1004 1491 1046 ex
1513 992 1596 1047 sulcis
1610 991 1812 1050 martinimontis
1828 996 1889 1055 luerit

284 1083 399 1157 qratiam
412 1081 530 1153 sptruus
541 1082 639 1139 sancti.
1128 1080 1230 1147 dotata,
1249 1082 1290 1138 vel
1307 1084 1352 1139 die
1367 1084 1582 1155 desponsationis
1594 1085 1653 1155 ejus
1671 1086 1700 1142 in
1714 1086 1768 1158 ipsa
1789 1090 1839 1145 utta
1851 1094 1889 1161 pri·

285 1211 289 1222 ·
320 1172 407 1231 oum
430 1173 515 1229 nostri
533 1182 576 1228 est
597 1172 832 1231 fidelibuscltristi
859 1173 977 1230 manime
999 1172 1078 1229 nobis
1128 1186 1202 1228 murm
1221 1172 1302 1229 luerit
1321 1186 1491 1245 pernoctata,
1508 1176 1661 1248 ubicunque
1684 1188 1774 1247 postea
1797 1192 1890 1238 tuovctur

284 1266 449 1332 commissis,
462 1280 517 1323 non
544 1265 630 1321 solum
655 1266 818 1337 spiritualia,
839 1266 984 1322 sedetiam
1007 1272 1078 1321 tem·
1128 1276 1226 1337 praeter
1257 1266 1400 1333 llascrias,
1428 1268 1462 1324 ad
1491 1268 1756 1325 martinummontem
1784 1276 1890 1329 censualis

273 1359 388 1433 moralia
414 1361 484 1415 beua
505 1360 659 1430 provideret
676 1370 703 1416 ct
722 1360 791 1415 ttttts
802 1360 886 1431 pacis,
904 1368 933 1414 ut
946 1358 1078 1428 tranquil·
1128 1356 1190 1422 crit,
1206 1364 1303 1411 etcum
1314 1358 1386 1413 omni
1401 1360 1527 1430 pmgenie
1540 1374 1599 1424 sua,
1616 1358 1652 1415 ibi
1665 1360 1762 1429 placita
1773 1378 1890 1433 prosaque·

285 1455 340 1511 lam
362 1454 444 1508 vitam
465 1460 557 1524 agant,
576 1468 637 1524 qua·
661 1453 695 1507 ad
718 1468 811 1523 pacem
837 1459 899 1507 svvnt
922 1465 1077 1523 procurare.
1130 1457 1182 1505 tur.
1208 1448 1265 1506 moe
1281 1450 1363 1521 ⁸idem
1394 1450 1441 1507 dot
1465 1452 1499 1508 de
1527 1453 1634 1509 leminis
1660 1452 1851 1511 martinimontis
1871 1458 1890 1511 iu

277 1547 368 1621 'lqitor
383 1546 518 1604 devotioni
537 1545 668 1603 etstodio
682 1545 729 1601 ulit
750 1546 835 1602 nostri
852 1544 966 1601 luctulll
985 1544 1078 1601 Eccle-
1130 1542 1222 1598 banno
1247 1540 1423 1620 maseriarum
1445 1544 1545 1600 ductis.
1561 1544 1751 1601 concessimus
1776 1546 1892 1617 igiturest

283 1640 333 1696 siae
344 1649 443 1696 nostro
453 1639 559 1704 decani,
574 1652 628 1709 quo
643 1639 669 1693 iu
684 1638 842 1693 adillcanda
860 1638 991 1692 memoria
1004 1636 1078 1692 beati
1129 1634 1254 1705 prasenti
1268 1634 1409 1707 privilegio
1423 1636 1654 1699 conllrmavimus.
1669 1642 1736 1695 utin
1747 1642 1812 1697 villis
1822 1653 1845 1698 et
1856 1660 1891 1699 cu·

283 1729 384 1790 tebius
407 1731 470 1787 noni
493 1744 570 1801 papae
588 1728 702 1786 desudat
724 1730 934 1801 congaudentes,
946 1736 973 1784 et
993 1727 1079 1799 ipsius
1130 1724 1180 1781 riis
1207 1723 1291 1781 nostri
1312 1724 1394 1795 juris,
1420 1726 1535 1784 ecclesia
1561 1728 1635 1785 Beati
1654 1729 1752 1788 Leonis
1768 1740 1794 1789 et
1816 1734 1891 1789 collata

284 1823 496 1878 manuimanum
515 1828 634 1878 nostram
649 1820 676 1877 in
690 1820 1018 1891 adjuvandocoujunqere
1031 1836 1078 1877 vo·
1092 1808 1117 1870 B
1130 1832 1196 1889 pace
1221 1817 1375 1889 possideat,
1395 1828 1423 1874 ct
1444 1819 1609 1877 conierenda
1637 1822 1777 1881 devotione
1798 1826 1892 1882 bdelium

284 1915 381 1981 lentes,
398 1916 551 1972 studuimus
564 1916 708 1986 diligenter
720 1929 835 1971 exarare
845 1914 962 1984 qualiter
973 1914 1033 1985 ipse
1051 1923 1079 1970 et
1128 1908 1213 1965 libere
1226 1910 1349 1983 accipiat.
1370 1910 1398 1967 ln
1412 1912 1509 1982 quibus
1521 1916 1648 1970 omuibus
1661 1930 1711 1986 pro
1726 1917 1894 1975 saloteanima
1966 1902 1967 1967 t

282 2008 397 2065 ecclesia
419 2022 502 2079 quant
526 2006 664 2073 aedidcat,
686 2006 777 2061 villam
799 2004 1011 2063 martinimontis
1033 2022 1079 2063 ao·
1128 2011 1227 2057 nostru
1239 2006 1328 2060 onmia
1350 2002 1412 2072 jura
1439 2016 1532 2061 nostru
1559 2008 1608 2077 ipsi
1635 2008 1757 2065 ecclesie
1780 2014 1893 2067 remittere

284 2098 681 2173 quisierit,iie1muniilceutia
700 2098 921 2155 adminiculante.
939 2097 1078 2170 Siquidem
1127 2094 1272 2162 voluimus,
1287 2106 1314 2152 θῑ
1333 2107 1361 2152 ¹¹¹
1384 2098 1473 2153 bullus
1494 2099 1652 2165 3110031115,
1667 2114 1718 2155 ¹¹0⁰
1729 2100 1820 2172 aliquis
1834 2103 1895 2157 ltili·

270 2202 411 2249 strenuus
425 2206 517 2249 comes
535 2190 613 2264 lingo
632 2191 665 2247 de
679 2188 809 2254 Dasborc,
823 2189 989 2246 uenerabilis
1004 2188 1078 2246 lien·
1128 2193 1245 2241 suorum
1257 2196 1423 2254 nostrorum,
1438 2188 1622 2260 51119ῐῦ0001
1637 2191 1786 2248 1110165113ῦὶ
1806 2192 1893 2257 inierat,

280 2285 335 2341 etet
352 2285 434 2350 ttius,
447 2285 611 2341 intrinsecos
624 2282 673 2339 bet
687 2284 974 2357 tactustnsptruuoue,
988 2290 1016 2340 et
1030 2294 1078 2339 ne
1127 2278 1171 2333 vti
1194 2269 1357 2334 calumniam
1377 2280 1502 2349 cupidum
1516 2290 1633 2347 movear,
1658 2285 1814 2340 auctoritate
1826 2284 1863 2341 lei
1875 2294 1896 2340 et

278 2376 347 2433 'bilis
368 2376 501 2447 prosapie
515 2374 587 2431 beati
612 2372 727 2441 Leonis,
750 2376 783 2430 de
806 2388 860 2445 qua
882 2374 1077 2439 descenderat,
1127 2378 1220 2425 ¹¹⁰⁸¹rii
1244 2371 1425 2441 Ρῐῐθθῑβῑθῐῑᾱθ
1450 2372 1500 2427 8111)
1521 2375 1695 2432 adelhelmi&
1718 2378 1894 2443 interdicimus;

280 2468 384 2523 eluctus
397 2465 549 2530 dulcedine,
565 2465 720 2537 praedictam
740 2464 842 2532 villam,
857 2480 968 2521 assensu
982 2465 1078 2535 conju·
1127 2459 1194 2517 nilrii
1204 2461 1354 2531 euimjuris
1366 2462 1416 2519 nisi
1432 2464 1549 2532 anobis,
1564 2466 1631 2521 nilvil
1652 2470 1793 2538 potestatis
1805 2470 1848 2525 uisi
1861 2484 1897 2540 pct
1966 2480 1967 2497 ¹

283 2556 594 2629 gissuaectbaeredum
615 2556 898 2627 suomm,aquodam
918 2556 1078 2627 magnobe-
1128 2550 1428 2616 ttos‚inbisomnilvus
1451 2554 1551 2610 lrabeat
1568 2556 1896 2627 aliquiseorum.tluuilsi
1966 2632 1967 2635 Ἴ

285 2650 395 2718 Μαάθ,
420 2648 521 2721 quoqa
548 2649 626 2706 nobis
650 2649 768 2717 penebat,
793 2648 924 2718 avulsam,
938 2649 972 2705 de
996 2664 1078 2704 manu
1128 2641 1276 2711 cupiditate
1287 2643 1394 2710 ductus,
1409 2645 1470 2700 inde
1484 2646 1636 2703 molestiam
1656 2650 1778 2705 ecelesiae
1790 2650 1897 2713 intulerit,
1966 2636 1967 2691 l

286 2747 334 2799 sua
347 2741 449 2807 emisit,
461 2741 608 2798 eterciusa
622 2740 695 2797 omni
705 2740 876 2797 hereditaria
886 2739 1076 2813 postulatione,
1127 2736 1307 2791 anathematis
1321 2736 1407 2791 nostri
1432 2738 1541 2793 viuculo
1553 2738 1662 2810 ligatus,
1689 2742 1787 2798 divinoe
1806 2741 1898 2811 iustitia
1966 2728 1967 2757 ¹

188 2880 195 2889 .
285 2832 315 2888 iu
338 2840 458 2889 nostram
482 2830 646 2889 dominicam
669 2846 778 2886 manum
804 2832 935 2902 reposuit,
956 2830 1078 2903 nihilque
1128 2826 1455 2885 censeritlieindecum
1471 2828 1566 2885 eadem
1581 2832 1696 2889 eeclesia
1712 2832 1761 2889 Dei
1781 2837 1899 2890 donoere·

286 2925 439 2983 donationis
451 2924 493 2981 vel
506 2924 666 2990 advocatie,
678 2924 745 2980 nibil
759 2923 871 2981 omnino
881 2922 952 2995 juria
964 2923 1077 2997 alicujus
1127 2918 1221 2985 littei»
1235 2926 1262 2975 ⁸⁸
1272 2918 1398 2975 3111310111
1409 2922 1506 2991 ldmiiv
1524 2920 1632 2987 luisset,
1652 2924 1711 2995 ibit
1730 2926 1821 2989 abbis.
1833 2924 1899 2979 Stil*
1966 2960 1967 2981 .

287 3018 315 3073 in
328 3032 411 3073 manu
428 3032 477 3073 sua
492 3016 614 3073 retinuit.
628 3014 766 3073 Gerardus
778 3028 886 3086 quoqne
904 3014 939 3073 de
959 3014 1076 3081 Briceio,
1127 3025 1175 3067 rut
1191 3012 1310 3079 nominc,
1322 3014 1378 3068 vita
1399 3022 1428 3070 et
1453 3016 1576 3072 moribus
1599 3018 1741 3085 horremus,
1760 3029 1788 3075 et
1805 3017 1900 3075 consilio
1966 3032 1967 3083 3

286 3108 359 3165 dlius
385 3106 510 3176 Vallridi,
535 3108 640 3179 capita·
654 3108 795 3163 bominum
822 3108 962 3178 utriusque
984 3122 1075 3177 serus,
1089 3154 1114 3219 G
1127 3103 1265 3173 providus,
1280 3105 1456 3163 considerans
1478 3108 1607 3164 malitiam
1621 3108 1649 3165 in
1672 3110 1733 3167 illes
1747 3114 1900 3168 subcrescere
1966 3084 1967 3157 t

285 3209 418 3275 quotquot
429 3202 457 3257 in
478 3200 572 3257 eadem
587 3198 650 3255 villa
665 3205 877 3264 commanentes,
896 3199 967 3270 quod
988 3214 1005 3254 a
1029 3212 1078 3255 no·
1129 3193 1284 3261 hominurn,
1298 3204 1327 3249 ct
1345 3208 1503 3266 praecavens
1524 3197 1551 3253 in
1577 3208 1726 3269 posterum,
1739 3209 1768 3257 et
1780 3202 1901 3257 attondens

285 3296 329 3352 bis
347 3296 374 3351 in
388 3293 520 3351 beneicio
536 3294 656 3361 tenebat,
670 3294 697 3349 iu
710 3292 875 3349 dominicam
894 3306 1003 3348 manum
1029 3306 1078 3348 no·
1128 3286 1188 3341 siue
1207 3286 1376 3357 providentia
1399 3286 1515 3356 alicuius
1533 3288 1664 3363 principie
1685 3294 1808 3348 eamdem
1828 3293 1901 3347 villan
1966 3280 1967 3339 ]

284 3398 372 3447 ,vrum
394 3389 527 3461 reposuit,
1126 3379 1162 3433 ab
1174 3376 1393 3435 intestationibus
1406 3377 1611 3437 malefactorum
1621 3398 1748 3440 securam
1756 3386 1827 3441 nullo
1837 3384 1902 3446 modo
1966 3380 1967 3403 ¹

320 3480 424 3536 liorem
443 3479 525 3551 igitur
534 3477 674 3550 jdevotioni
686 3476 915 3549 congratulantes,
930 3490 980 3533 nos
994 3476 1076 3534 etiam
1125 3468 1833 3545 perseexistere,nestroetreligiosorumviromm
1845 3478 1903 3532 hono
1966 3474 1967 3477 ’

284 3581 420 3644 quotquot
432 3571 556 3628 homines
568 3571 596 3627 in
606 3570 702 3626 eadem
721 3568 785 3624 villa
810 3576 1013 3626 commanentes
1041 3568 1077 3626 ad
1126 3576 1191 3617 [¹⁸⁰⁸
1204 3562 1327 3630 oonsilio.
1343 3578 1404 3619 cum
1426 3568 1606 3635 proquodam
1621 3570 1732 3640 negotio
1752 3586 1801 3644 epo
1814 3580 1839 3625 et
1858 3570 1902 3625 dut
1966 3580 1967 3645 ᾗ

286 3674 408 3721 „optram
421 3679 543 3720 mensam
565 3663 732 3735 pertinentes
756 3661 982 3729 haustamque
1007 3661 1076 3718 ῑῃιρ.
1126 3650 1320 3721 Tbeodericus,
1333 3661 1361 3707 et
1373 3650 1466 3709 Simon
1475 3668 1541 3723 puer
1555 3655 1613 3723 ejus
1633 3656 1714 3725 illius,
1731 3670 1760 3715 at
1770 3658 1852 3713 ⁴irater
1863 3659 1903 3711 du·
1966 3650 1967 3709 ]

286 3756 412 3825 quitatem
425 3753 587 3811 dominicam
598 3753 714 3809 devicta
733 3762 828 3809 nostro
839 3751 988 3809 emisimus.
999 3750 1076 3810 mano
1125 3744 1165 3801 cis
1180 3744 1323 3802 Gerardus
1335 3758 1438 3811 comos,
1451 3754 1479 3801 et
1500 3744 1644 3805 menardus
1658 3764 1754 3807 mores
1774 3748 1902 3813 tutteusts,
1966 3742 1967 3805 ἶ

285 3858 352 3917 erqo
368 3843 472 3911 villam,
487 3858 549 3900 cum
574 3841 756 3915 redintegrata
771 3840 969 3897 membrissoia
989 3840 1074 3897 etin·
1124 3838 1215 3907 ettalii
1229 3837 1422 3910 quamplurimi
1435 3836 1576 3905 nobilium,
1590 3848 1645 3895 tam
1658 3840 1821 3898 clericorum
1836 3856 1902 3911 qum
1966 3842 1967 3921 g

284 3939 449 3997 dominicata
464 3939 569 4006 inisset,
590 3939 706 3997 oonsilio
726 3945 755 3995 et
770 3952 882 3994 assensu
907 3936 1075 4009 supradicto·
1124 3927 1264 3995 laieorum,
1279 3930 1312 3985 ad
1326 3927 1477 3985 chantenoi
1489 3930 1516 3985 in
1537 3944 1619 3985 unum
1641 3931 1903 3995 consummandum
1966 3922 1967 3995 ἶ

283 4044 346 4086 rum
359 4030 490 4098 virorum,
507 4044 589 4103 super
606 4030 693 4085 altare
715 4026 900 4085 beatibeonis
926 4025 1010 4082 libere
1030 4042 1074 4082 ro·
1123 4034 1205 4077 manu
1229 4019 1406 4092 ipsiusducis
1422 4028 1450 4076 et
1470 4022 1621 4078 custodiam
1639 4026 1905 4095 predicamentum

283 4119 433 4191 postumus,
451 4128 479 4175 et
493 4118 527 4174 ad
547 4118 719 4189 prebendam
741 4116 857 4172 lratrum
872 4114 937 4171 inibi
957 4114 1073 4172 Domino
1123 4128 1176 4169 non
1188 4112 1364 4177 advocatiam,
1378 4111 1589 4171 nobisomnibas
1607 4116 1904 4175 videntibusctaudieu
1966 4106 1967 4139 ³

283 4212 459 4269 servientium
474 4211 525 4283 ipsi
544 4211 667 4268 ecclesie
688 4210 718 4265 in
739 4218 869 4281 perpetuo
880 4207 1071 4278 possidendam
1123 4206 1204 4269 tibus,
1217 4204 1301 4262 abbas
1314 4206 1445 4277 reposuit,
1456 4213 1484 4262 et
1501 4214 1552 4278 pro
1570 4208 1694 4264 custodia
1710 4211 1905 4283 singulisaunis
1966 4196 1967 4201 ’

284 4304 335 4361 sub
345 4305 518 4360 anathemate
535 4302 766 4359 confirmavimus.
783 4300 965 4371 Reposuimus
987 4299 1071 4357 etiam
1120 4306 1224 4369 septem
1250 4298 1354 4355 modios
1368 4300 1423 4356 vini
1443 4310 1471 4355 et
1491 4301 1631 4357 dimidium
1645 4303 1672 4359 in
1690 4305 1751 4375 ipsa
1771 4306 1833 4362 villa
1854 4302 1904 4359 dtrci
1966 4302 1967 4311 ’

284 4412 367 4469 super
379 4396 467 4469 ipsum
480 4395 567 4452 altare
585 4396 658 4451 beati
673 4393 781 4460 Leoms,
797 4393 825 4448 in
843 4392 934 4451 benno
943 4402 971 4449 et
994 4404 1071 4463 pote-
1121 4390 1243 4463 recipere
1267 4392 1419 4457 eoncessit;
1448 4392 1558 4462 quodsi
1576 4394 1631 4449 vini
1653 4395 1746 4454 minns
1761 4397 1850 4461 luerit,
1868 4406 1906 4449 aut

284 4494 355 4543 state
367 4484 555 4552 maseriarum,
571 4485 697 4542 croadam
709 4484 853 4555 quamdam
861 4484 975 4555 desuper
984 4484 1070 4557 ipsam
1086 4484 1234 4564 Dornnino
1244 4484 1368 4552 deluerit,
1381 4498 1431 4557 pro
1445 4486 1536 4543 modio
1547 4490 1686 4548 sexdecim
1704 4492 1835 4548 denarios
1846 4490 1905 4545 rcci-

283 4576 374 4633 villam
389 4577 564 4633 intervineas
580 4586 608 4632 ct
620 4584 696 4648 prata
704 4574 851 4647 jacentem,
865 4575 939 4630 omni
955 4574 1074 4631 decima-
1125 4588 1190 4645 pere
1203 4574 1370 4631 terminavit.

284 4668 360 4724 tione
372 4677 410 4737 ,et
423 4682 505 4724 censu
527 4666 651 4732 liberam,
664 4672 693 4722 et
712 4673 820 4736 pratum
843 4665 917 4721 inter
939 4665 1074 4738 publicam
1161 4665 1218 4719 Dux
1234 4679 1309 4732 vero,
1330 4665 1401 4723 sicut
1420 4676 1480 4723 erat
1498 4668 1560 4740 pius
1581 4678 1609 4727 et
1622 4670 1761 4745 benignus
1781 4674 1811 4730 in
1829 4672 1906 4727 sainte

284 4764 399 4812 stratam
416 4764 445 4812 et
464 4764 571 4826 pratum
587 4762 710 4811 nostrum
726 4753 873 4824 jacentem,
883 4769 934 4825 pro
959 4770 1014 4826 quo
1025 4770 1072 4813 eu·
1125 4758 1221 4814 anima·
1232 4772 1300 4824 succ,
1314 4758 1465 4815 custodiam
1479 4760 1549 4818 villae
1564 4764 1677 4833 recepit.
1691 4764 1908 4825 Consideratime

284 4845 408 4903 sudibus
424 4846 507 4902 baum
530 4846 672 4902 solvuntur
689 4853 806 4917 quatuor
825 4847 939 4902 nummi.
953 4848 1073 4920 Denique
1121 4858 1213 4905 autem
1231 4853 1397 4922 paupertatis
1419 4852 1500 4922 villae,
1521 4857 1698 4913 coristitutum
1724 4859 1797 4918 inibi
1816 4858 1865 4913 ibit
1883 4864 1907 4909 ut

284 4939 464 5011 presentibus
481 4948 508 4995 et
531 4938 631 4997 tuturis
649 4938 773 4996 volumus
793 4950 887 4997 notum
906 4940 964 4997 lieri
987 4940 1074 4999 mase-
1124 4956 1314 5013 quemcunque
1330 4943 1384 5000 dur
1399 4960 1450 5017 pro
1463 4946 1521 5017 lpso
1537 4948 1656 5018 diripere
1666 4950 1763 5016 vellet,
1775 4950 1842 5016 illic,
1855 4960 1908 5005 eum

284 5030 388 5085 riarum
415 5038 443 5087 et
463 5031 672 5089 martinimontis
697 5032 788 5100 buce,
818 5047 951 5106 pascuas,
975 5033 1073 5102 silvas,
1124 5033 1211 5089 tribus
1228 5043 1276 5089 aut
1295 5036 1520 5105 quatuorsoeiis,
1536 5036 1564 5093 in
1586 5039 1681 5095 eadem
1696 5040 1764 5097 villa
1783 5040 1839 5097 duo
1855 5052 1907 5093 ser-
1966 5038 1967 5069 ³

284 5121 396 5180 omniuo
411 5122 523 5183 itaesse
546 5139 705 5183 communes
728 5134 758 5182 ut
772 5124 871 5197 iniuria
892 5136 921 5183 et
942 5126 1073 5199 injustitia
1122 5124 1189 5179 vitia
1210 5139 1258 5194 per
1270 5140 1372 5181 annum
1388 5125 1512 5195 haberet,
1526 5142 1576 5185 nac
1598 5129 1716 5202 amplius
1738 5130 1846 5204 aliquid
1858 5129 1909 5186 eri-

283 5216 331 5281 ait,
344 5215 368 5271 si
383 5215 430 5273 aiii
443 5216 511 5277 attor
530 5217 566 5273 ab
578 5216 621 5273 utu
643 5216 769 5275 omnibus
781 5216 924 5274 excludere
944 5232 1074 5289 praesum-
1122 5223 1208 5288 geret,
1231 5218 1258 5272 in
1278 5216 1378 5289 placito
1400 5234 1454 5276 non
1478 5220 1632 5289 resideret,
1654 5238 1706 5281 nee
1729 5226 1768 5281 ad
1785 5224 1907 5297 pmuuu

283 5308 407 5390 pseriatg
423 5306 489 5380 ipsis
500 5308 574 5365 euim
587 5317 616 5365 et
639 5307 802 5373 animalibus
813 5308 882 5379 suis,
901 5309 962 5366 sine
974 5309 1073 5366 damno
1123 5307 1238 5379 aliquem
1259 5317 1380 5381 cogeret,
1404 5311 1456 5367 uisi
1481 5310 1552 5368 lorte
1572 5312 1657 5370 abbas
1679 5316 1724 5371 vel
1750 5312 1909 5388 prepositus
1966 5386 1967 5389 Ἴ

283 5398 518 5456 biaoomruunitor
532 5400 572 5456 uti
591 5394 691 5456 iicebit.
705 5398 783 5468 Quod
806 5401 830 5457 ri
854 5399 924 5457 lorte
945 5400 1072 5458 damnum
1121 5396 1191 5468 elus,
1209 5396 1243 5455 ad
1261 5400 1463 5471 reprimendum
1478 5402 1594 5475 aliquam
1607 5404 1660 5461 sibi
1680 5406 1827 5473 rebellam
1842 5402 1909 5461 idab

283 5490 344 5549 deri
356 5493 507 5565 mntherit.
520 5507 571 5563 per
579 5492 735 5549 adelitatem
750 5493 888 5549 bominum
897 5491 1070 5560 restituatur,
1121 5504 1155 5548 eo
1178 5490 1236 5547 lieri
1259 5490 1433 5563 pouuiassvu.
1458 5490 1545 5561 Quam
1567 5495 1661 5565 utique
1684 5497 1909 5555 consulationem

284 5581 483 5654 etproiustitia
495 5584 577 5642 banni
592 5584 677 5639 nostri
693 5586 868 5641 remittantur
889 5584 943 5640 duo
956 5586 1069 5651 nummi,
1122 5582 1176 5639 dux
1186 5582 1333 5641 clementer
1352 5598 1484 5653 annuens,
1509 5586 1537 5643 iu
1555 5586 1686 5645 dualitate
1695 5601 1750 5647 sua
1763 5592 1910 5649 murator

285 5680 314 5743 et
325 5688 379 5729 oon
390 5675 504 5749 amplius
525 5674 722 5748 persolvantur.
744 5674 874 5746 Quodjus
895 5674 923 5730 in
945 5673 1071 5732 omnibus
1115 5684 1172 5741 est,
1187 5684 1215 5732 et
1228 5674 1380 5733 custodiam
1393 5676 1463 5733 villae
1484 5693 1514 5735 se
1526 5678 1672 5753 diligenter
1683 5692 1909 5752 praetentam,

284 5756 486 5822 vilibetcvriis
499 5766 600 5824 nestris
611 5765 793 5825 coaoessimus
804 5774 833 5824 ct
851 5762 1070 5827 mubrmarimus
1121 5776 1149 5824 at
1164 5766 1383 5826 constitutionem
1394 5770 1579 5843 praescriptam
1591 5770 1707 5853 tideliter
1725 5782 1911 5831 maturare.
