4017 6342
135 393 189 449 aba

683 400 892 471 traducebat.
907 434 943 447 -
963 404 1041 462 VITA
1059 406 1243 465 litterator.
1734 414 1796 470 ib&

138 525 198 566 uero
218 508 324 565 domini
336 512 402 583 imp.
423 513 534 586 Augusti
550 514 655 570 lleorici
670 517 741 587 aspiri
761 516 827 584 dd,
842 521 982 592 imperiii
997 523 1168 594 posteritati,
1188 522 1387 579 immortalibus
1407 522 1519 594 scriptis
1539 521 1690 579 tradiderit
1711 523 1793 580 Unde

142 595 210 663 iili,
227 600 366 654 onnbeotr
376 603 532 657 uenerabilis
544 604 643 659 domini
657 606 759 662 obbatis
786 606 944 679 Regimberti
995 612 1130 682 piaculum
1144 628 1282 677 censeam,
1310 613 1412 669 selme
1434 614 1546 669 verbum
1568 613 1595 667 in
1620 612 1679 683 ejus
1699 613 1792 669 verbis

140 706 292 744 successore
308 688 459 761 ibiepide.
479 694 581 750 addit:
600 695 686 752 Testes
699 697 778 768 injus
802 701 947 755 concessio-
996 715 1112 769 mutare,
1125 703 1168 759 rel
1180 721 1196 759 a
1207 719 1344 775 quoqoam
1355 703 1393 760 illi
1412 704 1491 761 lldcm
1505 706 1642 775 abrogari.
1659 702 1744 777 igitur
1763 704 1798 763 iu.

142 782 192 841 nis,
206 791 230 835 et
246 782 460 845 consommationis
473 785 571 853 idonei,
597 797 620 841 et
636 788 790 844 nobilissimi
808 800 870 845 suat
889 790 944 846 isti.
996 796 1059 851 Vita
1077 795 1255 863 willibrordi,
1269 812 1351 867 quam
1364 797 1475 866 triginta
1486 812 1534 854 set
1548 798 1682 867 capitibus
1691 796 1797 852 dietim.

143 870 278 925 llerrrirns
295 868 451 938 Puloainus,
473 884 524 929 etc·
554 875 684 945 Videlicet
714 878 779 934 tanti
806 888 865 934 erat
888 888 945 935 tum
997 891 1070 939 etam
1087 894 1214 941 accurate
1230 885 1341 955 scripsit
1355 884 1643 957 'ilriuiridusllrabebit
1653 885 1725 940 banc
1749 882 1794 937 lli·

144 963 189 1017 boi
206 963 340 1019 ecclesias
354 965 495 1022 beraedciis
509 969 646 1037 prosequi,
671 977 699 1023 ut
723 978 752 1025 et
773 968 896 1029 easares
919 971 946 1027 id
998 984 1064 1044 tam,
1080 977 1190 1045 publico
1212 977 1344 1033 laacteuus
1367 993 1422 1032 uon
1444 978 1541 1044 nisam,
1567 977 1668 1033 notulis
1691 975 1796 1047 aliquot

145 1055 396 1124 ternicosittdt’renu
420 1067 447 1113 cl
469 1059 580 1114 titatlnti
604 1061 704 1132 quique
730 1062 877 1133 principes,
905 1063 946 1121 vel
997 1070 1068 1125 meis
1082 1068 1267 1136 illustratam,
1293 1070 1413 1140 anliqttae
1431 1070 1541 1140 pietatis
1561 1084 1658 1124 atriano
1683 1067 1794 1129 Lector,

146 1148 259 1204 testirnn
275 1151 334 1206 rice
349 1153 454 1219 adesse,
471 1152 521 1207 sibi
534 1152 712 1209 honorificum
728 1154 754 1209 in
780 1154 875 1225 primis
897 1156 947 1211 du·
999 1157 1108 1215 larente
1136 1159 1239 1215 coelesti
1254 1158 1381 1231 Numine)
1395 1174 1458 1215 cnm
1474 1160 1564 1228 capite
1575 1159 1611 1213 55
1623 1159 1796 1229 exposuisset

146 1250 250 1297 cerent.
265 1240 337 1311 ιιιιιι,
355 1245 492 1315 quorrtoalo
505 1246 534 1300 io
553 1260 586 1301 eo
610 1260 709 1315 gernere
736 1259 779 1303 res
806 1246 946 1315 babeant,
1000 1259 1138 1315 accurate,
1153 1249 1380 1319 quemadmodum
1398 1247 1600 1303 walicbreases
1613 1248 1684 1303 bello
1705 1247 1798 1317 gravi·

148 1335 282 1392 ridemus.
301 1336 354 1391 Sed
370 1338 548 1392 ornittendum
561 1353 613 1392 nora
629 1345 681 1403 cst,
692 1337 727 1392 ab
740 1338 798 1407 ipso
809 1336 949 1394 Tiriolrido
1001 1348 1044 1396 ter
1055 1341 1169 1396 rexatia
1187 1341 1433 1413 dupertojnoiurc,
1447 1338 1570 1395 balduini
1585 1338 1650 1403 itio,
1663 1337 1799 1393 Flandriae

150 1428 249 1496 scripta
264 1428 359 1485 viatere
371 1427 414 1482 illa
430 1428 510 1483 uerba
525 1429 648 1499 moriare
662 1444 694 1485 es
710 1429 796 1484 Aureo
818 1428 886 1484 libro
899 1429 949 1484 de·
1000 1433 1100 1489 consite
1115 1446 1167 1503 ope
1183 1432 1238 1487 divi
1252 1431 1439 1494 willibrordi,
1470 1430 1602 1496 nobilem,
1618 1438 1701 1498 atque
1728 1427 1805 1482 adeo.

151 1517 262 1584 scripta.
280 1514 430 1585 Qarisetrim
446 1514 686 1572 aliusdelnnelnm
705 1518 814 1589 quidem
842 1516 950 1587 [legiru-
1000 1523 1191 1579 miraculosam
1207 1521 1351 1578 uictoriam
1364 1522 1546 1579 obtinuissent
1562 1516 1699 1573 :debello
1723 1515 1799 1571 dein·

153 1605 263 1670 bertum
276 1606 448 1661 uenerabilem
459 1606 596 1661 dorrrinurn
612 1607 731 1661 alborem
745 1607 951 1673 diceret3Tlaio·
1001 1629 1066 1683 ceps
1082 1613 1223 1681 intestino,
1238 1613 1309 1667 inter
1321 1613 1394 1683 ipsos
1417 1620 1527 1678 csorto,
1541 1617 1624 1681 eaput
1641 1607 1677 1662 ao
1705 1606 1774 1663 texit
1788 1623 1806 1667 ε,

154 1696 252 1754 induam
267 1714 344 1763 rere,
361 1709 417 1755 tum
439 1702 473 1757 ad
499 1718 583 1757 sacrm
605 1701 809 1773 gubernationis
829 1701 949 1771 clansam,
1001 1706 1074 1775 quod
1085 1720 1149 1761 ecce
1165 1706 1250 1762 babes
1263 1720 1326 1760 eum
1339 1704 1558 1776 suaepigraplre.

155 1790 354 1858 salernetanus
372 1794 548 1863 rrrroquidem
570 1793 681 1848 laurionis
701 1792 830 1847 rocabnlo
856 1793 951 1865 digna·
1002 1794 1097 1852 Qrur
1117 1797 1295 1851 sura-lie
1317 1796 1431 1850 adcanto
1459 1794 1587 1866 Ypumerti
1617 1790 1750 1862 Titiusridi
1770 1789 1801 1843 in

158 1880 248 1937 retur?
967 1866 990 1927 Β
1039 1886 1245 1942 walicbrensem
1269 1886 1383 1941 irrsslom
1408 1896 1433 1941 et
1457 1902 1522 1956 poce
1545 1885 1583 1938 ibi
1606 1882 1750 1952 reformata
1775 1889 1805 1943 el,

190 1971 216 2025 l.
228 1970 391 2043 Giclrilinpen
407 1973 533 2028 allodium
550 1974 620 2044 uprrd
631 1973 714 2040 Raros,
728 1986 751 2028 et
764 1974 875 2045 illatoris
881 1990 951 2029 com·
1037 1976 1195 2044 confirmato
1210 1992 1256 2046 per
1265 1976 1386 2047 jactando
1397 1974 1537 2030 miraculo.

158 2065 271 2132 paravit,
285 2080 366 2135 sogor
379 2066 494 2135 linteum
509 2066 598 2119 ruribus
621 2064 758 2135 delegarit.
778 2064 865 2121 i'erbn
888 2075 952 2123 sunt
1041 2087 1052 2121 ι
1068 2068 1142 2133 Post,
1157 2069 1201 2123 abi
1221 2068 1339 2139 pericula
1356 2067 1457 2123 virtute
1468 2076 1497 2123 ct
1512 2064 1619 2122 {lomim
1632 2063 1720 2135 gratia
1732 2078 1814 2133 pro-s

158 2152 277 2224 Gotoiopi
291 2153 414 2208 ullorum
428 2154 451 2208 E
452 2155 666 2226 [ceramensium.
1004 2160 1082 2231 pulit,
1096 2159 1196 2232 (nempe
1208 2159 1295 2215 insudo
1308 2158 1509 2227 Wulicirrrmis)
1525 2158 1560 2212 ab
1574 2155 1698 2211 externis
1710 2154 1800 2217 bellis,

191 2244 219 2300 5.
232 2246 358 2316 llagnum
374 2246 463 2301 uirum
477 2246 560 2303 luisse
572 2247 753 2316 walafridum,
771 2257 799 2305 et
824 2248 851 2303 in
878 2248 952 2305 aesti·
1004 2252 1076 2307 reiut
1093 2252 1119 2305 in
1136 2251 1239 2307 uiscera
1250 2264 1310 2315 sua,
1322 2264 1399 2303 arma
1413 2248 1559 2313 convertit,
1570 2253 1599 2301 et
1611 2245 1736 2313 exemplo
1759 2242 1814 2298 lu-.

153 2338 277 2415 paratione
290 2334 420 2401 arraxima,
435 2350 468 2391 er
481 2351 514 2391 co
525 2348 636 2407 apparet
653 2338 724 2408 praed
748 2337 839 2395 Brurro
854 2337 953 2393 Trevi-

157 2427 246 2481 rcnsis
262 2425 492 2496 archiepiscopus,
508 2442 569 2483 eum
582 2444 634 2484 uon
651 2429 730 2485 inodo
746 2429 870 2484 intimum
883 2430 953 2483 arni·
972 2450 977 2459 ·

157 2532 220 2572 cunr
239 2518 373 2582 babuerit,
390 2521 436 2574 sed
450 2530 478 2575 et
492 2521 607 2575 arrianum
620 2521 659 2575 illi
671 2538 743 2576 suum
755 2522 953 2588 contmcndorit,

157 2622 192 2666 ιιι
206 2612 279 2682 leges
290 2611 438 2682 ineptszou
456 2612 534 2683 irrrjus
546 2613 636 2683 operis
653 2612 762 2668 Florum
775 2613 953 2669 dedicatoria.

157 2701 215 2757 lloc
226 2702 340 2772 accipio,
349 2712 476 2770 tanlquam
494 2704 518 2757 ei
531 2702 632 2759 lucsita
644 2704 726 2759 sacris
737 2703 954 2773 consessioaibot,

156 2806 186 2851 οι
197 2797 279 2847 sacris
289 2794 455 2848 conscientie
470 2793 596 2848 consiliis.
612 2792 802 2849 Perseverauit
818 2794 863 2850 iric
885 2795 958 2850 Bru·.

157 2884 238 2939 notris
249 2884 276 2937 iu
296 2881 467 2939 'liriolridum
483 2899 570 2949 atuor,
583 2895 611 2941 et
623 2882 738 2941 allectus
748 2885 787 2943 ad
806 2882 885 2953 lartius
912 2900 957 2941 us·

1005 2342 1135 2407 rentium,
1149 2354 1288 2395 manassae
1303 2338 1424 2393 merarbra
1446 2351 1506 2398 sua,
1535 2337 1593 2406 ipsa
1621 2348 1738 2398 cessura,
1767 2334 1818 2388 ab,

1006 2434 1109 2498 bostiii,
1130 2433 1157 2488 in
1180 2432 1288 2488 ciuilem
1312 2431 1472 2503 sanguinem
1498 2428 1602 2485 lerrum
1634 2426 1753 2483 exacuit.
1772 2425 1804 2481 ln

1006 2525 1154 2596 perniciem
1177 2522 1282 2577 exarsit
1308 2531 1443 2587 orutuam,
1467 2528 1496 2575 et
1520 2520 1600 2575 caesis
1624 2516 1804 2573 nobilioribus

1007 2618 1102 2673 insulae
1118 2615 1287 2686 primatibus,
1317 2616 1345 2670 iu
1358 2623 1462 2670 tantam
1478 2612 1603 2683 prorupit
1625 2609 1818 2673 discordiam„

1007 2716 1037 2761 ut
1051 2721 1138 2776 steorte
1154 2706 1239 2761 libere
1251 2704 1367 2776 ingredi,
1383 2717 1471 2774 aegos
1484 2702 1577 2774 egredi
1593 2701 1641 2757 ulli
1659 2708 1735 2759 esset
1756 2714 1816 2755 eo·.

1005 2799 1066 2869 pia.
1082 2796 1185 2853 berario
1201 2794 1300 2865 popolo
1314 2795 1367 2851 duo
1388 2791 1598 2863 cobrpugnantia
1625 2788 1721 2845 allecta
1741 2796 1808 2845 suat

1008 2904 1132 2959 corpora,
1146 2898 1175 2943 et
1185 2885 1346 2942 corumdem
1361 2894 1515 2940 castrorum
1537 2879 1662 2938 immines
1683 2878 1710 2934 iu
1737 2877 1808 2933 duas

158 2986 214 3043 quse
239 2981 358 3038 morlain,
384 2972 437 3025 into
458 2983 617 3043 sepulcrum.
645 2972 726 3032 boeot
751 2973 961 3049 uoccuratopns
1007 2979 1120 3036 laostiles
1134 2976 1383 3034 dirisisunlacies.
1405 2973 1433 3029 ln
1458 2972 1581 3045 partibus
1606 2969 1724 3027 exitialis
1750 2967 1809 3023 odii

158 3063 284 3119 abbatum
299 3078 308 3115 :
323 3062 356 3118 ln
370 3074 500 3118 retractus
526 3064 604 3132 icoo,
629 3066 726 3137 iniquit,
754 3068 908 3123 obdormivit
929 3069 959 3127 in.
1008 3075 1077 3129 adeo
1097 3070 1274 3143 corallagrarit
1305 3068 1481 3133 incendium,
1501 3072 1530 3120 ut
1548 3064 1652 3133 absque
1675 3067 1820 3132 apparata

157 3154 283 3221 Domino,
300 3156 468 3227 sepultusque
481 3168 518 3213 est
531 3159 557 3212 in
571 3168 708 3223 concerno,
727 3157 878 3215 oBrrtnone
895 3158 957 3215 Tre·
1010 3170 1204 3229 armornm,et
1219 3170 1292 3217 coetu
1305 3157 1513 3221 miseriordiam,
1540 3162 1569 3211 et
1591 3152 1752 3217 satellitum,
1772 3163 1816 3211 rac,

159 3246 255 3303 triremi
269 3247 473 3318 orclrispiscopo.
486 3246 548 3303 Fuit
563 3264 643 3319 purro
655 3248 698 3305 laic
708 3248 799 3305 Brurro
813 3266 845 3307 ex
861 3250 957 3305 illustri
1010 3257 1067 3328 ipsa
1084 3256 1193 3327 quidem
1208 3252 1369 3318 Parascere,
1382 3265 1436 3321 qua
1451 3262 1574 3307 summos
1596 3245 1655 3301 reri
1680 3244 1826 3306 tabernae

158 3340 292 3394 counitum
304 3337 545 3405 Bretbcrrniorum‚
561 3339 781 3397 silandensium
796 3340 895 3397 lararilia
910 3358 959 3413 pa·
1010 3349 1063 3406 culi
1083 3345 1204 3419 populos
1222 3362 1255 3405 ac
1269 3354 1363 3418 priter
1377 3340 1560 3400 essentialiter
1572 3338 1661 3393 boam
1679 3350 1731 3407 pro
1749 3334 1811 3397 ιιι-ἱ·Ι
1820 3382 1823 3387 ,

159 3436 204 3483 tre
217 3425 351 3493 Arnoldo,
370 3437 457 3483 ruarre
470 3426 630 3495 ddeibeida,
642 3440 671 3484 ιιι
687 3430 770 3486 relert
783 3430 958 3501 Cirristopbo-
1010 3445 1061 3501 pus
1078 3444 1134 3500 surg
1146 3443 1263 3498 supinam
1275 3454 1352 3495 susm
1364 3450 1477 3509 poneris,
1492 3432 1603 3490 domino
1622 3428 1699 3485 rara
1709 3424 1821 3483 obtuli&

160 3534 210 3575 rus
223 3518 370 3575 browerus
396 3530 490 3575 noster
510 3520 537 3575 in
563 3520 712 3577 Annalibus
741 3520 957 3587 trainensibus,
1011 3533 1186 3597 sacrificinm,
1206 3528 1365 3601 sanguinem
1389 3539 1480 3588 suum,
1505 3518 1695 3578 inestimabile
1715 3514 1812 3573 1111111111

161 3610 298 3665 hactenns
314 3624 366 3664 raon
382 3608 473 3673 editis,
489 3610 522 3663 ad
537 3624 637 3665 aranuru
651 3610 750 3665 Christi
774 3610 854 3675 trba,
868 3610 913 3679 qrri
931 3618 960 3665 et
1010 3624 1145 3695 gregum
1175 3620 1306 3675 aggerem
1329 3614 1461 3673 medam
1485 3612 1520 3667 pp
1538 3608 1750 3668 deosculandum
1773 3603 1811 3658 ιι.

161 3702 212 3769 ibi,
229 3711 258 3757 et
269 3702 397 3769 deinceps
409 3708 465 3755 tum
482 3700 534 3755 alia
552 3711 686 3756 rrrcrnorat
699 3702 731 3757 de
745 3700 879 3757 [trunonis
904 3702 959 3756 vir·

161 3796 277 3859 trucibus,
290 3802 373 3864 atoue
385 3794 411 3849 iu
428 3794 522 3860 primis
534 3792 567 3849 de
584 3792 680 3863 insigni
691 3792 749 3861 cius
764 3792 957 3849 mundliccntia:

164 3896 222 3943 lum
236 3887 301 3943 illud
313 3891 346 3943 de
357 3888 416 3959 eius
427 3890 606 3955 anctoritate,
634 3896 661 3943 et
685 3904 792 3945 sunmm
818 3888 959 3961 dignitate,

162 3980 396 4038 tieedorninatum
413 3996 461 4051 pro
471 3981 588 4037 ilenrico
601 3983 718 4047 (lasere,
731 3995 875 4050 rerumque
884 3995 959 4035 sum·

164 4084 237 4126 nram
251 4070 416 4135 obtinuisse,
428 4080 457 4125 et
471 4070 497 4125 in
511 4071 637 4126 maximis
662 4072 731 4140 reip.
757 4070 884 4137 molibus,
910 4085 959 4141 gu·

164 4161 312 4218 bernacula
327 4161 407 4227 scite,
426 4160 617 4232 sapienterque
643 4172 783 4217 tractasse.
813 4158 868 4215 Nec
895 4158 960 4215 mibi

163 4253 277 4309 dubium
300 4262 343 4309 est
365 4252 429 4323 quain
456 4253 540 4308 etiant
563 4252 596 4308 ad
620 4253 688 4319 llaec,
717 4251 801 4309 nostri
826 4249 959 4306 'l'lriolridi

164 4345 276 4415 optimis
289 4343 529 4415 saluber-rimisque
542 4342 661 4399 consiliis
677 4352 807 4399 uteretur.

1011 3726 1093 3783 gnum
1120 3707 1296 3766 dominicum.
1318 3703 1411 3761 Fossis
1425 3701 1545 3765 demum,
1570 3705 1599 3754 et
1622 3694 1728 3761 lractis,
1748 3700 1813 3763 post

1012 3802 1096 3857 nrnlta
1113 3796 1342 3861 suorumluuera,
1363 3792 1509 3861 uariosque
1532 3786 1650 3853 labores,
1678 3785 1706 3839 in
1734 3790 1814 3847 tanto

1011 3903 1077 3949 astu
1095 3888 1287 3962 periculorum,
1300 3885 1453 3941 tutissimus
1467 3888 1562 3950 portus
1578 3875 1755 3933 consiliorum
1769 3872 1812 3927 sl·

1012 4000 1060 4041 sus
1078 3989 1129 4045 est,
1144 3977 1282 4035 cornnnmi
1302 3974 1449 4047 Legatioae
1460 3969 1683 4026 Elteroaeensem
1694 3977 1811 4035 ygume-

1012 4092 1076 4131 num
1105 4070 1275 4128 Tiriulridnm
1300 4063 1509 4136 plriloclaristum
1536 4058 1570 4113 ad
1594 4072 1624 4112 se
1656 4068 1809 4119 accersere,

1011 4175 1043 4221 ut
1055 4179 1089 4220 ex
1102 4159 1264 4217 auctoritate
1276 4152 1401 4227 pracluis
1412 4150 1519 4223 patroni
1543 4143 1723 4210 willibrordi,
1734 4141 1812 4212 errius

1013 4255 1073 4311 rice
1088 4249 1260 4323 fungebatur,
1286 4245 1382 4301 mersis
1409 4242 1493 4299 rebus
1520 4238 1578 4296 suis
1603 4235 1765 4293 consulere:
1783 4241 1815 4309 ei.

1013 4343 1172 4401 disturbata
1189 4340 1264 4412 pacis
1278 4337 1382 4391 imulera
1400 4348 1513 4405 operam
1533 4331 1624 4395 daret,
1646 4326 1811 4390 reconcilia,¹

202 4436 229 4490 li.
250 4436 324 4491 inter
338 4436 389 4491 ista
406 4450 496 4491 rerum
511 4434 642 4491 Tlaiolridi
654 4434 825 4504 fragmenta,
840 4431 960 4503 religioni
1015 4435 1095 4493 rionis
1121 4433 1228 4505 gratia,
1262 4428 1413 4485 reformare
1441 4436 1470 4480 ct
1494 4435 1667 4493 componere.
1685 4421 1713 4476 la
1731 4426 1815 4490 porta

164 4528 234 4583 milri
248 4528 358 4594 ducam,
380 4526 586 4596 praetermisisse
602 4526 738 4597 singulare
756 4526 815 4597 ejus
841 4522 959 4589 lacinus,
976 4520 1474 4601 1)drutmerpensieumadsentantom
1487 4514 1571 4570 biduo
1587 4517 1814 4581 exspectaverunt

167 4622 195 4676 in
213 4635 277 4690 qao,
292 4620 316 4674 si
330 4620 393 4675 alibi
407 4636 531 4690 assumam,
546 4628 657 4690 apparet
667 4618 725 4687 ejus
741 4627 797 4673 tum
809 4618 961 4690 prudentia,
1016 4634 1078 4675 curn
1093 4616 1211 4673 sedecim
1225 4612 1312 4683 longis
1325 4611 1454 4675 naribns;
1465 4609 1513 4663 sed
1534 4621 1568 4661 eo
1581 4602 1743 4660 necessitate
1767 4599 1814 4655 ili·

168 4722 226 4766 turn
239 4712 399 4775 auctoritas,
416 4719 472 4765 tum
495 4721 635 4767 saracinos.
650 4712 772 4777 decedit,
795 4712 865 4781 qarod
891 4726 964 4782 gern-
1017 4708 1101 4772 sacris,
1116 4722 1207 4761 moras
1223 4705 1385 4763 iranecteotc
1401 4698 1534 4770 generalis
1558 4693 1650 4766 placiti
1670 4693 1725 4759 sui,
1739 4691 1817 4762 guod

167 4800 240 4856 nanda
254 4802 378 4872 quaedam
395 4811 438 4857 est
458 4802 589 4867 historias,
605 4817 686 4871 gruum
701 4818 753 4857 aron
774 4811 876 4857 terruere
900 4800 964 4856 alibi
1018 4797 1099 4853 tertio
1124 4794 1283 4849 imminebat
1308 4790 1352 4846 die
1375 4790 1465 4844 redire
1492 4787 1579 4844 coacti
1606 4782 1826 4849 exactionibus,¹

167 4891 302 4961 reperias,
314 4907 375 4946 cum
390 4892 426 4946 sit
442 4894 571 4946 rracrnoria
589 4892 757 4961 dignissima.
774 4890 883 4947 Gratias
899 4888 965 4945 milri
1017 4887 1077 4956 eins
1090 4886 1222 4941 aripennus
1244 4892 1273 4937 et
1295 4878 1474 4950 susceptionis
1496 4879 1626 4933 bonorem
1652 4871 1826 4939 necessariis.

167 4998 221 5055 pro
235 4984 418 5055 publicatione
429 4994 510 5055 agent
521 4984 607 5054 (certe
620 4983 768 5053 debebunt)
796 4990 851 5036 turn
877 4981 966 5050 quiris
1017 4978 1085 5044 suis,
1100 4984 1128 5030 et
1140 4973 1314 5030 dilectoribus
1325 4964 1689 5036 commeoumemm,lpsius
1699 4958 1816 5031 emporii

167 5075 217 5130 alii
234 5075 406 5144 antiquitatis
420 5075 544 5141 studiosi,
558 5085 614 5130 tum
630 5075 746 5128 artaxium
758 5072 840 5145 Belgii
854 5072 967 5139 ocellus,
1019 5066 1232 5141 magistratibus.
1251 5065 1388 5121 eruerant
1402 5069 1494 5117 autem
1515 5059 1606 5115 omnia
1627 5066 1686 5112 sata
1708 5066 1816 5119 eostam,

168 5167 333 5237 Antuerpia,
350 5174 378 5221 et
397 5164 593 5222 Wnliclnensis
606 5165 705 5233 insula,
721 5174 802 5234 atque
814 5164 839 5219 in
850 5178 881 5219 ca
907 5162 967 5219 btn-
1019 5161 1092 5215 seris
1102 5158 1276 5229 intemperie,
1289 5170 1341 5211 nec
1356 5153 1540 5224 irrigabantur
1552 5152 1606 5207 nilo
1616 5152 1731 5207 humore
1746 5140 1818 5198 roris

169 5254 355 5326 telburgerrsis
370 5255 444 5347 ugbs.
461 5254 529 5325 (Hera
541 5256 547 5309 l
559 5256 602 5310 nbi
618 5254 772 5325 lrujnsjam,
788 5256 898 5324 aratiqna
923 5252 966 5308 illa
1019 5261 1049 5309 et
1062 5250 1169 5321 pluria,
1180 5248 1227 5305 sed
1244 5246 1439 5302 minitabantur
1461 5244 1581 5299 sterilem
1601 5253 1705 5296 annum
1720 5232 1818 5291 messi,

169 5348 304 5405 catholiea
318 5346 501 5417 pictasllsed
517 5346 600 5403 molto
623 5345 740 5417 nrap'ores
764 5346 864 5416 gratias
887 5345 970 5401 debc-
1021 5342 1071 5398 bns
1085 5341 1219 5411 ingruere.
1236 5337 1358 5405 Cumque
1366 5334 1481 5391 classem
1503 5332 1570 5387 uelis
1582 5326 1743 5386 cedentibus
1752 5334 1819 5387 vene

169 5440 242 5495 bom
253 5438 400 5493 admodum
415 5436 570 5501 reverendo,
583 5446 665 5505 utapro
677 5433 845 5504 aaraplissimo
854 5434 925 5499 viro,
937 5435 966 5489 ll.
1023 5442 1066 5486 tus
1079 5430 1237 5486 iucurnbeas
1249 5424 1423 5503 propelleret,
1438 5419 1695 5489 mediumque'rates
1706 5410 1820 5483 prolun-

170 5529 255 5587 seam
270 5528 440 5585 Richardoto
464 5527 650 5583 Elternaceusi
672 5528 775 5591 abbati,
799 5540 831 5580 ac
848 5526 967 5587 domiuo,
1022 5524 1087 5579 dum
1104 5520 1269 5584 tenuissent,
1285 5528 1376 5573 niente
1391 5515 1455 5569 licet
1469 5511 1587 5583 lugubri,
1609 5505 1712 5578 ingenti
1725 5515 1819 5558 tamen

171 5622 222 5694 qui
236 5619 294 5692 ejus
307 5618 474 5675 narrationis
485 5620 588 5691 copiam
603 5618 700 5674 exdivi
718 5616 865 5673 Clenreatis
883 5615 972 5671 willi-
1023 5614 1130 5671 accensi
1142 5612 1241 5667 ardore
1253 5610 1328 5673 iudei,
1339 5605 1558 5664 exclamaverunt
1573 5597 1714 5655 deuotione
1725 5590 1818 5649 bilari:

166 5714 268 5794 'bt-ordi
286 5712 464 5777 bibliotheca,
478 5709 572 5768 lecerit
585 5728 593 5765 ε
605 5709 781 5781 longeautcm
792 5708 972 5779 amplissimas
1023 5704 1176 5769 abomine,
1191 5717 1209 5758 o
1222 5709 1317 5757 sancte
1327 5692 1515 5760 willibrorde,
1535 5691 1558 5747 si
1577 5695 1708 5745 venturus
1729 5698 1760 5740 es
1784 5680 1819 5737 ad

166 5808 229 5889 ipsi
244 5806 398 5874 Tbiuirido,
414 5806 459 5877 qui
473 5804 534 5861 talia
550 5813 577 5860 ct
595 5805 634 5862 sic
648 5802 808 5879 patraverit,
824 5811 852 5859 et
871 5800 909 5859 sic
922 5800 972 5873 piae
1024 5812 1086 5869 nos,
1099 5804 1174 5853 ιιιιιιιι
1189 5792 1352 5867 peculiarem
1373 5785 1512 5860 populum,
1534 5780 1701 5859 apostolatus
1726 5774 1765 5834 111ἰ
1792 5774 1833 5883 111,
