4017 6342
272 340 326 432 pn
840 328 1005 388 wenstan
1024 324 1170 382 anuirrs
1192 324 1221 381 s.
1241 324 1353 383 stasn
1843 336 1881 397 a„

274 461 317 508 est
341 459 503 523 appareret,
533 447 624 502 rivum
646 441 786 497 hominem
810 441 920 496 animus
945 439 1066 495 bominis
1081 446 1104 503 Α
1118 434 1204 493 lindie
1212 437 1332 493 coenarit
1346 434 1480 495 Dominus
1491 455 1554 497 cum
1568 438 1712 507 discipulis
1730 438 1786 496 suis
1797 442 1880 513 (hurd,

274 540 434 599 abhorreres
451 550 600 595 assumere.
621 531 698 589 Unde
712 546 775 587 cum
791 529 925 587 Dominus
947 530 1064 587 diceret:
1119 530 1205 602 sarr).
1216 528 1300 585 llodie
1310 531 1419 587 tradidit
1434 531 1591 603 iiiiscorpus
1605 541 1632 587 et
1647 532 1802 603 sangninem
1812 552 1882 601 suun,

277 632 356 690 «Nisi
370 628 717 687 marrducareritiscarnem
731 624 792 679 Filii
813 624 946 690 hominis,
957 624 1067 680 ethibc·
1119 621 1205 681 Hodie
1216 624 1301 695 gioria
1314 622 1387 681 Patri
1401 635 1429 681 ct
1440 625 1508 681 Filio
1523 642 1578 681 nitu
1606 628 1724 681 canitur.
1742 624 1817 685 Hodie
1834 648 1883 693 con-

273 727 334 783 ritis
344 727 403 797 ejus
424 723 595 795 sanguinem,
611 738 621 772 s
637 727 701 787 ete,
714 717 805 791 (loun.
818 720 869 790 rr),
881 719 938 776 haec
951 718 1068 775 audien·
1119 726 1242 771 secratur
1267 718 1355 773 trihus
1393 717 1482 773 nrodis
1516 716 1607 773 uicum
1635 718 1719 772 triunr
1750 717 1881 785 obicinrnm.

273 827 313 876 tes
333 818 445 889 quidam
461 817 587 872 abierunt
606 821 767 879 retrorsum,
783 814 963 869 abhorremus
977 822 1006 869 ct
1018 830 1068 883 pn-
1119 804 1203 863 liudis
1230 820 1385 865 reseruntur
1412 824 1512 881 eorpus
1534 808 1640 865 Domini
1653 824 1743 881 nsque
1766 810 1791 867 in
1809 820 1884 874 crasti-

272 918 362 964 tantes
372 923 435 964 euru
452 906 504 963 sub
520 909 572 963 bac
587 908 676 976 specie
690 907 800 978 quaeeis
810 906 960 978 apparebat
970 904 1067 975 jubere
1119 918 1196 969 nunt,
1208 903 1329 961 relicitur
1347 917 1458 973 qrroqnc
1471 902 1498 957 in
1515 904 1777 959 corrrtttetttttt·atiotte
1788 905 1883 965 refredo·

271 1000 388 1057 cenredi.
1119 996 1162 1052 nis
1176 995 1289 1051 Christi.
1308 993 1395 1053 liodic
1413 997 1539 1051 iarantm·
1556 996 1639 1066 pedes
1652 994 1768 1051 iratrum
1786 1009 1810 1057 ct
1826 1004 1882 1070 pari.

308 1092 392 1149 Debet
405 1107 470 1165 ergo
488 1093 648 1147 neccssario'
663 1090 837 1151 Christianos
855 1091 977 1157 credere,
1009 1105 1067 1145 ma-
1119 1096 1211 1143 menta
1231 1087 1363 1145 ccclesiae.
1390 1084 1477 1143 lindie
1499 1087 1638 1141 nudantur
1664 1086 1762 1142 altaria
1782 1094 1882 1161 usquein

272 1184 354 1241 nibus
366 1185 516 1241 sacerdotis
532 1185 677 1255 cujuslibet
691 1194 718 1240 et
737 1185 927 1240 tantummodo
942 1182 1066 1239 ordinent
1120 1176 1239 1235 Sabbata
1254 1187 1360 1237 sancto.
1377 1176 1463 1235 lindie
1474 1180 1637 1250 poenitentes
1651 1179 1765 1235 renium
1785 1182 1813 1237 ad
1823 1184 1883 1243 abso

272 1280 418 1339 sacerdotii
440 1280 565 1335 {labentis
589 1280 647 1335 slve
666 1279 731 1335 boni
747 1295 795 1334 sen
823 1278 900 1344 nrnll,
925 1278 1067 1349 aeqnallrer
1119 1271 1266 1337 lntloncnm
1287 1281 1314 1327 et
1334 1272 1399 1327 illuri
1422 1274 1582 1343 mysterium
1603 1272 1677 1343 quod
1705 1272 1829 1341 hodieiit,
1848 1293 1883 1347 per

270 1372 415 1446 pcrrcrba
428 1371 591 1442 potestativa
609 1371 818 1439 benedictionis,
844 1386 945 1441 corpus
957 1370 1067 1426 bonrini
1119 1373 1205 1420 toturn
1231 1365 1393 1421 obseruator
1409 1382 1512 1421 arrrnrnr
1532 1382 1539 1420 r
1567 1366 1615 1421 scd
1639 1364 1722 1421 bodie
1741 1364 1883 1437 adimpletur,
1957 1436 1958 1451 ἵ

272 1482 355 1539 posse
368 1465 538 1531 consecrari,
553 1472 579 1520 et
596 1462 729 1535 Spiritum
743 1474 870 1521 sanctum
882 1466 909 1519 in
919 1479 1067 1520 consecra·
1118 1464 1145 1511 ti
1156 1456 1236 1511 bodie
1252 1456 1405 1511 inchoatur.
1424 1456 1509 1513 Hodie
1523 1456 1568 1511 iila
1583 1472 1629 1513 res
1644 1456 1760 1513 efficitur
1780 1472 1831 1527 que
1848 1476 1883 1529 pn

273 1560 349 1617 tione
371 1559 417 1614 illa
433 1560 540 1614 adesse.
555 1556 618 1613 lime
633 1558 735 1613 oblatio
761 1558 885 1627 eorporis
901 1556 1016 1623 dimisti,
1037 1563 1067 1611 nt
1119 1557 1205 1605 totum
1232 1564 1334 1603 antrum
1358 1566 1412 1605 non
1440 1560 1632 1621 recuperatur,
1657 1548 1681 1605 si
1702 1548 1843 1607 dirrrittitun
1860 1551 1884 1607 h
1957 1550 1958 1553 ’

272 1651 444 1726 Arrgusrinns
472 1658 599 1717 testatur,
625 1650 685 1706 ideo
708 1650 830 1720 qnotidie
856 1650 980 1715 herman,
1009 1648 1065 1721 (td)
1119 1640 1179 1698 idco
1193 1640 1252 1697 dics
1266 1641 1316 1696 ista
1330 1658 1427 1713 nragna
1442 1654 1470 1698 ct
1479 1642 1675 1699 consecrabilis
1687 1651 1731 1697 cst
1746 1641 1853 1707 bomine,
1863 1655 1882 1701 n

272 1746 336 1801 iicet
350 1742 477 1799 Christus
492 1742 575 1798 semel
589 1757 687 1812 passus
702 1742 753 1807 sit,
767 1740 831 1811 qnia
846 1740 968 1811 qrrrrtidic
989 1740 1066 1795 canii·
1119 1736 1196 1807 piena
1219 1734 1310 1791 letitia
1334 1746 1361 1791 ct
1383 1736 1577 1795 exsultatione.
1598 1734 1653 1791 l’cr
1669 1746 1726 1791 tres
1748 1736 1801 1793 dics
1818 1738 1883 1794 cunti·

271 1852 335 1894 mus
345 1836 373 1891 in
387 1835 515 1907 peccatis,
535 1835 595 1890 sine
612 1834 712 1905 quibus
727 1832 852 1887 nrortaiis
865 1830 1011 1888 inlirnritas
1026 1830 1066 1887 ri·
1082 1806 1103 1861 B
1119 1843 1199 1895 nuos,
1215 1828 1295 1885 idest
1315 1828 1451 1898 quintam,
1474 1841 1580 1885 sextam
1598 1829 1798 1901 septimamque
1809 1830 1881 1887 ter-ian

271 1944 335 1987 rere
348 1944 403 1983 non
428 1935 527 2001 potest.
545 1926 573 1981 ln
590 1927 682 1997 specie
699 1940 764 1980 uero
778 1926 858 1996 panis
874 1924 1011 1981 invisibile
1032 1924 1065 1979 de
1118 1918 1272 1973 biduanam
1288 1918 1456 1987 sepulturam
1480 1919 1588 1977 bomini
1602 1921 1792 1977 celebramus:
1804 1936 1831 1978 ac
1849 1938 1883 1992 per

270 2020 342 2077 oculo
359 2017 510 2084 descendit,
529 2025 556 2072 ct
577 2018 706 2071 unionem
729 2016 853 2085 corporis
866 2016 894 2071 in
922 2016 1022 2086 capite,
1037 2016 1065 2071 in
1119 2016 1171 2073 hoc
1187 2017 1452 2089 utcornpagincnnrr
1463 2018 1610 2075 humilitati
1625 2018 1775 2089 sepultura
1795 2019 1883 2089 cinsdi·
1957 2018 1958 2033 ¹

270 2112 360 2186 specie
379 2111 458 2183 panis
479 2111 564 2167 uoluit
579 2110 728 2182 designari,
753 2110 825 2165 sicot
845 2110 884 2165 ait
898 2110 1064 2181 Apostolus:
1116 2108 1367 2167 rnittinruscscclsa
1379 2118 1482 2175 nostra,
1496 2110 1521 2165 iri
1544 2119 1586 2165 est
1601 2110 1689 2181 gloria
1710 2110 1781 2167 iatri
1793 2110 1882 2177 etF'rlio,

273 2223 284 2256 ι
301 2203 379 2261 Unus
393 2204 482 2275 panis,
499 2219 585 2259 unum
601 2218 701 2272 eorpus
715 2217 813 2258 sumus
839 2217 950 2268 ornnes,
969 2202 1017 2273 qui
1031 2202 1065 2257 de
1116 2213 1348 2273 ctcampnnarunr
1363 2204 1451 2275 signa,
1478 2212 1504 2263 ct
1515 2202 1568 2257 aiia
1593 2202 1764 2273 huiusmodi.
1782 2204 1881 2271 Quintam

270 2312 408 2369 unopanc
419 2296 614 2368 participamur
638 2293 666 2366 (1
682 2292 744 2349 Cor.
760 2293 800 2363 xl.
817 2313 827 2344 ι
842 2292 917 2349 Sicut
944 2292 1017 2349 enirn
1031 2307 1064 2347 cx
1116 2304 1164 2351 ant
1177 2294 1272 2351 icrianr
1288 2306 1371 2351 sexta.
1390 2297 1567 2367 septimaeque
1590 2296 1652 2351 ideo
1669 2296 1834 2368 adiurrgiurus
1847 2314 1882 2367 pro

269 2390 387 2447 dirersis
401 2389 493 2461 pratris
505 2404 577 2445 unus
589 2388 670 2458 panis
684 2387 722 2453 ht,
736 2386 822 2443 sices
833 2384 951 2441 dirersis
975 2400 1065 2439 tneor·
1117 2387 1207 2443 triduo
1224 2388 1407 2459 adimplendo,
1423 2390 1487 2459 quia
1504 2387 1647 2445 Dorninica
1660 2405 1726 2455 nox,
1749 2406 1822 2460 quam
1843 2389 1882 2445 bu·
1957 2378 1958 2399 ³

268 2481 338 2550 bris,
351 2497 403 2539 nos
426 2496 511 2537 unum
526 2495 627 2551 corpus
650 2478 766 2548 Christi,
782 2478 884 2535 unione
898 2476 968 2548 spei,
990 2476 1064 2542 iidci,
1116 2480 1735 2553 mirnrssnaresurreetionecorrsccmrit,qnae
1749 2481 1883 2552 portioned
1957 2472 1958 2537 i

269 2572 605 2631 etcbaritatisclhcimur.
635 2569 728 2649 ltaque
754 2570 802 2642 qui
829 2568 937 2641 corpori
960 2566 1064 2623 Christi
1116 2568 1374 2639 irritinrnsequcntis
1392 2567 1680 2634 Dorrrinicidici,cnrn
1704 2588 1798 2643 magna
1817 2572 1883 2641 gloria
1957 2552 1958 2601 ἕ

268 2682 351 2727 tuum
362 2667 403 2723 sic
418 2666 572 2723 membrum
596 2664 669 2720 uniri
694 2664 753 2718 ιιιΙι
778 2677 848 2734 panc
861 2661 977 2727 coelesti,
1000 2674 1063 2715 cnm
1115 2661 1277 2717 celebratur.
1293 2659 1321 2716 ln
1337 2644 1431 2717 cadem
1447 2678 1557 2733 quoqne
1570 2663 1613 2719 die
1627 2674 1803 2719 consecratur
1814 2664 1884 2719 alcun

268 2760 332 2817 aliis
346 2761 501 2833 participet.
520 2758 612 2830 Fregit
622 2759 695 2813 enim
712 2755 784 2811 bens
810 2771 910 2827 panem
938 2764 966 2813 ct
989 2754 1065 2811 dedit
1115 2753 1148 2809 ad
1172 2752 1224 2807 tria
1249 2753 1348 2819 olllcia,
1376 2752 1467 2809 olcurn
1481 2753 1515 2808 ad
1540 2752 1675 2823 infirmos,
1694 2755 1728 2810 ad
1748 2754 1882 2825 neophytus,

268 2852 319 2919 cis,
337 2853 402 2925 qnia
413 2854 486 2923 qnod
500 2866 585 2906 rrnunr
597 2858 649 2917 est,
666 2850 700 2905 ab
711 2848 839 2905 omnibus
850 2847 936 2903 uoluit
952 2846 1064 2919 partici-
1115 2844 1234 2901 chrisma
1253 2860 1363 2916 quinque
1386 2846 1458 2901 unde
1482 2848 1685 2902 conlirnrantnr
1710 2848 1825 2903 hormines
1837 2852 1884 2917 pust

268 2944 338 3016 pari,
354 2942 597 3014 diceris:Accipitc
608 2958 657 3013 per
675 2940 907 3007 conformitatem,
926 2948 953 2995 ct
968 2953 1063 2994 conre-
1114 2938 1292 3009 baptismum,
1323 2940 1436 2995 ctunrlc
1455 2938 1545 3009 ipsum
1577 2940 1743 3010 baprisnrurn
1767 2953 1885 2996 consuere

266 3035 323 3093 dite
333 3037 421 3108 ipsum
430 3032 798 3092 sacramentnm.{lociacitc
808 3045 1062 3088 nrmearnconrrue·
1115 3037 1170 3093 tur,
1185 3044 1231 3099 per
1255 3029 1328 3098 rprod
1340 3029 1465 3085 homines
1478 3030 1620 3085 saliantur
1629 3037 1638 3103 ι
1647 3032 1699 3099 ll).
1712 3030 1801 3088 Potest
1811 3042 1885 3087 ιιιιιι

267 3128 449 3183 mor-ationem
475 3125 584 3196 (llarrlt.
609 3125 697 3197 surr).
719 3126 887 3201 decipiendo
910 3139 1011 3195 corpus
1035 3135 1097 3219 ctC
1116 3122 1186 3179 Deus
1199 3124 1257 3180 sine
1270 3125 1330 3181 oleo
1342 3125 1466 3181 imirrnos
1482 3142 1590 3194 sanare,
1604 3128 1775 3185 sarrctiiicarc
1797 3142 1885 3199 quoque
1957 3168 1958 3171 ,

267 3218 430 3290 sanguinem
445 3217 594 3272 babeamus
608 3215 745 3286 passionis
760 3214 932 3281 memoriam,
949 3224 979 3271 ut
991 3214 1063 3271 sicut

266 3312 410 3381 pronubis
429 3320 554 3366 mortuns
573 3319 626 3377 est,
649 3311 805 3380 impreco,
826 3311 850 3365 si
877 3326 991 3367 necesse
1016 3311 1061 3377 sit,

266 3406 428 3460 moriamur.
445 3402 478 3458 Et
491 3405 525 3459 dc
539 3404 622 3459 calice
634 3404 772 3469 similiter,
790 3417 871 3473 quem
890 3404 996 3458 troearit
1008 3400 1062 3459 No·

265 3513 332 3555 uum
358 3496 578 3563 Testamentum,
592 3495 619 3551 id
643 3504 687 3552 cst
709 3510 808 3551 norant
839 3493 1061 3562 promissionem,

266 3590 334 3663 quia
353 3606 400 3660 per
422 3590 499 3644 ilium
521 3589 684 3660 sanguinem
712 3604 768 3645 non
787 3588 877 3645 solum
901 3586 1062 3657 temporalia

266 3682 453 3754 promittebat,
467 3682 515 3737 sed
531 3681 615 3736 etiarn
628 3692 740 3737 aeterna.
759 3680 793 3735 Et
811 3682 870 3737 haec
891 3694 1061 3737 commemo·

266 3774 339 3834 ratio
364 3775 444 3830 debet
469 3772 538 3841 lieri,
570 3772 658 3827 donec
679 3774 780 3839 reniat,
808 3772 894 3828 idest
923 3772 1061 3843 usquead

267 3864 350 3922 linem
362 3864 464 3929 soeculi,
489 3864 598 3935 qrrando
619 3865 723 3920 scilicet
746 3864 835 3920 reniet
856 3864 890 3919 ad
913 3864 1059 3933 judicium.

267 3956 321 4016 Sed
337 3958 426 4013 ridete
451 3958 517 4029 qnid
546 3958 687 4029 sequitur:
704 3978 713 4009 ι
732 3957 894 4029 Quicunque
909 3958 1061 4014 manduca·

266 4051 336 4109 uerit
351 4067 448 4122 panem
468 4049 511 4105 rei
535 4050 635 4105 biberit
663 4050 777 4107 calicem
806 4048 915 4105 Domini
939 4049 1059 4122 indigne,

206 4170 219 4185 ·
266 4161 331 4203 rcus
345 4145 399 4203 crit
420 4144 542 4215 corporis
556 4142 673 4201 honrini.
699 4141 800 4199 Probet
825 4152 917 4199 autern
939 4143 1060 4213 scipsum

269 4238 363 4302 iromo,
383 4237 508 4292 etsiede
523 4250 593 4307 panc
613 4234 743 4298 illncdat,
768 4242 797 4289 et
818 4235 851 4291 de
875 4234 962 4289 calice
986 4234 1062 4291 bibat

268 4327 298 4399 (1
311 4327 373 4385 Cor.
388 4339 438 4400 ιιι).
455 4347 465 4379 ι
484 4326 614 4399 indignus
625 4336 667 4381 cst
681 4327 817 4383 criminali
835 4334 948 4399 peccato
970 4326 1062 4381 irreti-

267 4428 324 4489 tus,
335 4420 377 4478 rel
390 4420 417 4475 in
428 4421 569 4475 roinntate
579 4419 761 4474 criminalium
772 4418 959 4475 faciendorum
971 4433 1061 4473 rema·

1115 3230 1195 3280 Suos,
1207 3216 1401 3289 daernonesrpre
1414 3218 1551 3289 adripere:
1569 3228 1658 3290 potest
1673 3222 1790 3291 spir-itale
1811 3220 1885 3275 oicrrn

1114 3310 1234 3368 tribucre
1248 3311 1308 3369 sinc
1322 3311 1474 3381 corporali;
1488 3312 1536 3366 sed
1549 3323 1662 3386 propter
1674 3314 1799 3369 animales
1811 3326 1885 3381 aigun·
1957 3288 1958 3309 ¹

1115 3412 1159 3457 tur
1172 3402 1301 3468 risibilia,
1314 3410 1345 3459 ιιι
1358 3402 1505 3460 inuisibilia
1521 3405 1630 3462 facilius
1644 3402 1885 3476 reprehensique

1112 3496 1213 3553 dixerit
1225 3515 1231 3551 :
1246 3494 1276 3551 Si
1288 3503 1481 3567 potest,qrrarc
1492 3504 1569 3553 tanto
1582 3494 1888 3554 studioobrcrraturcul·
1957 3526 1958 3551 l

1112 3598 1157 3645 tus
1170 3589 1388 3646 consecrationis
1408 3588 1480 3645 olei?
1493 3587 1730 3660 Respondebitur:
1747 3588 1833 3645 honac
1845 3603 1885 3641 an·

1113 3680 1181 3753 tiqrri
1199 3681 1267 3752 justi
1288 3690 1437 3752 potuerunt
1462 3680 1518 3737 ileo
1548 3682 1656 3753 plaeere
1681 3684 1741 3739 sine
1763 3680 1887 3737 circomri·
1957 3718 1958 3737 ι

1112 3773 1207 3829 sione?
1229 3772 1380 3829 Potuerunt
1404 3774 1508 3844 ntique.
1528 3771 1582 3831 Sed
1608 3783 1755 3845 postquam
1779 3773 1816 3829 cis
1833 3786 1888 3841 pre·

1112 3874 1220 3933 ceptum
1245 3862 1298 3919 suit
1311 3875 1339 3920 ut
1356 3865 1628 3933 circumciderentur,
1657 3867 1714 3921 nisi
1729 3864 1887 3923 circumcide

1112 3964 1216 4021 rentur,
1246 3957 1348 4026 pcccati
1368 3958 1483 4013 rinoulis
1505 3958 1679 4025 tenebamur,
1696 3969 1727 4015 ut
1740 3956 1888 4029 Augustinus

1114 4047 1239 4105 Seleucio
1255 4058 1380 4105 testatur.
1396 4047 1518 4119 Apostoli
1540 4050 1641 4121 quiippe
1658 4051 1712 4107 bac
1733 4060 1801 4117 erto,
1816 4051 1840 4105 id
1857 4054 1890 4103 est

1112 4139 1172 4195 oleo
1209 4138 1366 4207 utebamur,
1393 4138 1421 4193 in
1454 4140 1683 4211 redintegratione
1718 4141 1888 4202 intirmorum

1112 4231 1253 4302 apostolici
1279 4241 1370 4287 autem
1393 4232 1444 4287 riri
1469 4232 1495 4287 in
1521 4234 1729 4305 consignatione
1758 4234 1890 4305 neophyto-

1114 4338 1186 4382 rum.
1212 4320 1288 4379 Unde
1314 4323 1490 4396 Erangelium
1514 4326 1581 4382 dicit
1612 4328 1646 4383 dc
1678 4330 1846 4399 apostol'su
1864 4324 1890 4379 Et

1115 4416 1254 4487 ungebant
1286 4418 1346 4472 oleo
1387 4418 1489 4489 rrtultos
1514 4430 1649 4492 aegrotos,
1682 4430 1710 4477 et
1739 4422 1892 4479 sanabantur
1957 4446 1958 4469 ι

264 4529 347 4571 aens.
362 4512 462 4569 Probet
473 4520 565 4567 autem
580 4511 699 4582 scipsum
713 4525 767 4565 non
780 4510 985 4580 comparatione
995 4508 1064 4565 alio·
1078 4519 1101 4575 ι)
1115 4509 1212 4581 (llere.
1232 4512 1281 4578 rr).
1300 4528 1309 4563 r
1329 4510 1395 4566 item
1407 4512 1479 4567 liade
1499 4531 1507 4569 ι
1535 4511 1611 4569 Patet
1631 4516 1666 4569 ab
1692 4516 1761 4587 ipsis
1778 4514 1892 4586 apostolis

266 4621 340 4673 rum,
353 4604 401 4661 scd
416 4620 464 4674 per
478 4620 508 4660 sc
520 4603 620 4670 solum,
632 4603 722 4673 qualis
733 4604 778 4659 sit,
787 4602 977 4667 considerans,
995 4602 1061 4673 qnia

268 4717 280 4751 ι
298 4699 346 4770 qui
363 4696 547 4761 manducaret
557 4695 625 4751 bibit
637 4695 757 4766 indigue,
770 4694 904 4765 judicium
916 4692 969 4748 sibi
981 4709 1061 4749 urran-

266 4793 350 4849 tiueat
361 4800 390 4849 ct
407 4788 476 4847 bibit
486 4788 588 4861 (ibid),
604 4807 613 4840 r
632 4788 658 4843 id
672 4796 715 4843 est
723 4786 928 4843 damnationem
945 4786 1063 4842 mandu-

267 4894 321 4940 cat.
338 4881 402 4937 ideo
416 4882 487 4936 inter
501 4896 551 4936 uos
568 4880 647 4935 multi
668 4877 771 4933 inlinni
792 4884 857 4934 sunt
879 4892 949 4947 quos
968 4873 1063 4931 Dumi-

268 4990 322 5037 nus
332 4982 442 5045 propter
455 4988 642 5045 corpussuum
658 4972 769 5043 indigne
782 4980 954 5040 assumptum
970 4970 999 5025 in
1012 4970 1063 5025 hac

267 5062 325 5119 vita
339 5062 463 5117 febribus
477 5070 504 5115 ct
520 5062 582 5117 aliis
595 5052 800 5116 in'iirnritatihus
825 5060 912 5131 punit,
930 5068 958 5115 et
978 5061 1061 5114 etiam

268 5153 410 5226 (qnnuest
423 5152 512 5223 pejus)
533 5152 674 5207 dornrium
689 5151 766 5207 rnulti
788 5152 816 5206 in
842 5162 969 5218 mortem,
992 5153 1064 5209 sicut

268 5263 321 5305 uos
331 5246 422 5303 adbuc
436 5244 570 5315 ridemus,
584 5246 657 5317 quod
667 5254 730 5317 post
748 5244 855 5303 Pascha
870 5246 971 5317 sapius
984 5260 1063 5303 accu-

269 5339 483 5398 ditruortaiitas.

376 5430 459 5487 tibet
479 5428 597 5487 suedo
627 5429 661 5484 lh
690 5430 799 5490 COENh
826 5430 955 5489 bdhtht.

305 5522 427 5591 fratres,
438 5526 490 5582 iste
501 5524 560 5581 dics
569 5539 653 5595 quarn
672 5523 753 5579 hodic
766 5525 939 5582 celebramus
963 5540 1063 5598 magna

270 5627 312 5677 est
325 5618 483 5684 creseeisa,
505 5624 534 5672 et
554 5618 629 5672 nulla
643 5616 732 5689 major
755 5633 804 5701 per
831 5628 918 5677 totoni
947 5634 1060 5677 annum.

307 5728 364 5800 (td)
375 5728 414 5784 he
430 5743 540 5785 consec.
554 5728 618 5784 dist.
635 5741 666 5797 m,
682 5728 790 5801 Utrum,
808 5742 835 5789 et
846 5748 907 5805 cap.
927 5731 1062 5805 iterator,
1083 5728 1086 5737 ’

273 5812 300 5858 tt
311 5802 387 5855 seut.
398 5799 463 5854 dist.
481 5814 529 5865 ιιι,
547 5799 705 5855 institorum

1113 4602 1187 4658 hunc
1221 4612 1324 4660 sanctae
1344 4601 1474 4659 Ecclesiae
1509 4620 1614 4661 nrorcrn
1640 4608 1771 4663 traditum
1794 4622 1851 4663 esse
1871 4612 1895 4659 ιιι

1112 4696 1290 4766 energumeni
1314 4697 1356 4751 rel
1375 4696 1420 4751 alii
1440 4697 1555 4767 quilibet
1567 4700 1662 4769 aegroti
1689 4712 1828 4772 ungantur
1845 4698 1894 4753 ehu

1112 4786 1259 4859 pontiticali
1288 4787 1486 4843 benedictione.
1517 4788 1555 4847 bc
1573 4790 1635 4845 oleo
1656 4793 1731 4862 quod
1755 4790 1897 4847 inluoditur

1114 4893 1195 4948 super·
1215 4878 1365 4949 neophytos
1383 4894 1438 4935 non
1456 4880 1559 4951 aliquid
1583 4882 1636 4939 tole
1653 4884 1782 4955 legimus
1803 4882 1847 4937 sed
1864 4889 1897 4933 lt·

1113 4984 1210 5023 neruus
1225 4970 1402 5039 apostolicam
1421 4974 1647 5029 correuetudincm
1668 4976 1897 5033 etauctoritatem

1113 5076 1196 5131 qurum
1229 5062 1420 5132 accepimusa
1451 5062 1572 5119 bourona
1598 5064 1730 5126 Ecclesia.
1758 5064 1827 5121 Nam
1848 5076 1898 5117 mos

1114 5152 1231 5224 apostoli
1252 5152 1300 5208 Dei
1320 5164 1347 5209 et
1363 5155 1486 5211 instituta
1507 5158 1642 5227 majorum
1657 5158 1783 5229 prolege
1797 5153 1901 5213 tenenda

1116 5254 1200 5313 sunt,
1224 5253 1255 5300 ut
1274 5246 1443 5317 Augustinus
1471 5247 1609 5307 Carsulano
1634 5252 1796 5322 presbytero
1825 5258 1900 5305 testa·

1115 5346 1184 5393 tur:
1204 5334 1300 5393 Oleum
1323 5352 1373 5409 pro
1397 5340 1507 5396 intirmo
1526 5342 1752 5399 consecratoria
1780 5337 1902 5413 ipsonlh·

1114 5429 1157 5485 cio
1183 5429 1399 5485 coirsecrationis
1422 5433 1547 5503 corporis
1563 5443 1591 5489 et
1618 5434 1763 5506 sangoinis
1791 5431 1901 5493 bornini,

1114 5532 1259 5595 arrmqnam
1278 5523 1385 5581 dicatur
1399 5544 1406 5580 :
1418 5524 1469 5583 Per
1494 5542 1576 5599 quem
1590 5528 1649 5585 hacc
1661 5528 1768 5595 carnia,
1786 5526 1902 5587 bunrinr,

1115 5628 1220 5685 semper
1242 5615 1311 5671 bona
1333 5631 1420 5673 creas.
1453 5615 1607 5677 Novissima
1620 5620 1709 5675 oratio
1719 5618 1903 5675 consecratio

1114 5724 1402 5869 ιιεξιῖ)ιὶ.)θιῗοῃερω“’
1412 5738 1474 5799 (ΗΒΕ
1484 5756 1525 5805 ¹¹¹,
1539 5739 1656 5805 Litteris,
1667 5746 1693 5797 et
1705 5748 1731 5790 ιι
1743 5740 1835 5801 scut,
1847 5732 1896 5787 dist
