4017 6342
211 349 279 406 ιιιι
778 284 979 386 wEurumr
996 327 1146 386 nonanus
1166 329 1195 387 s.
1215 329 1326 390 suasu
1803 339 1873 397 μω

215 472 247 520 et
258 461 349 518 ,gaam
361 473 435 514 mar
448 445 585 512 apscessit.
599 430 677 495 uulsa
689 405 734 468 0⁵¹
760 413 918 514 'legatia
938 454 1031 503 seeuta
1046 451 1070 508 Α
1086 445 1252 503 medicinam
1267 449 1396 520 suggerit,
1409 457 1435 506 et
1447 465 1521 522 saepe
1535 449 1633 507 eadem
1644 465 1705 522 quac
1719 453 1768 510 tibi
1792 461 1873 519 noxia

219 537 678 617 contesstobcspicenosquonues
720 506 843 580 ⁰m¹¹¹e
870 531 1033 606 iesu,utct
1083 547 1159 607 sunt,
1186 543 1359 609 autoribus,
1385 555 1433 599 aut
1459 543 1526 600 ieris
1550 544 1694 599 innoxium
1720 549 1873 609 ministrant

222 657 274 697 uos
290 639 398 710 propria
419 637 642 707 recognoscamus
663 605 769 672 ΜΨ
791 618 951 685 80Ῑιιιιιιιιε
979 631 1032 701 piis
1082 633 1225 704 pabulum.
1250 636 1372 708 lienique
1394 639 1484 695 sturni
1515 648 1667 696 vescuntur
1690 642 1771 697 conio
1794 662 1800 697 :
1824 661 1876 704 nee

223 731 335 786 tletihus
349 729 466 798 culpam,
487 733 639 781 mereamur
662 695 886 810 indultssnajam
906 731 1030 791 peccato·
1082 724 1171 782 fraudi
1187 735 1230 784 est
1244 729 1294 796 eis,
1308 731 1441 801 quoniam
1461 731 1595 804 qualitate
1606 729 1650 786 sui
1661 733 1874 804 corporisreue-

226 837 300 876 rum.
325 819 388 874 lieo
410 819 444 874 do
474 817 568 872 auibus
581 813 651 870 dicta
675 796 836 862 suberant.
854 810 926 878 Quid
940 823 1031 870 autem
1081 832 1147 871 num
1169 818 1245 874 succi
1265 819 1374 876 lethalis
1388 821 1518 877 eradunt.
1539 820 1648 892 Frigida
1666 823 1741 878 euim
1754 823 1796 880 ris
1814 827 1873 895 ejus

229 921 263 976 aa
275 919 368 975 perbis
380 917 606 975 considerandum
621 915 666 979 stc,
679 908 771 975 attigua
787 901 970 972 intimemus.
1081 916 1123 963 est
1136 909 1221 975 succi,
1231 925 1312 980 quam
1325 911 1474 968 subtilibus
1491 912 1568 982 poris
1580 913 1608 967 in
1620 913 1711 969 cordis
1723 914 1768 970 sui
1782 916 1870 971 sedem

480 1008 609 1079 Exemplo
622 1007 653 1062 dc
670 999 768 1059 tertia.
1080 999 1255 1070 ducentibus,
1269 1005 1384 1075 praecoei
1410 1005 1562 1076 digestione
1576 1007 1759 1076 praereniunt,
1785 1009 1874 1079 prius-

268 1099 404 1154 hdmonet
430 1111 481 1154 nos
506 1098 604 1154 heatus
622 1090 786 1150 ambrosius
820 1093 851 1150 in
874 1095 1030 1152 Exameron
1081 1106 1163 1161 quam
1186 1094 1278 1150 vitalia
1317 1096 1376 1166 ipsa
1412 1105 1555 1168 pertentet.
1579 1096 1753 1153 llelleborum
1787 1110 1872 1155 antem

233 1191 410 1246 considerare
423 1190 480 1245 lilia
501 1191 577 1260 agri:
590 1197 709 1260 quantus
728 1184 762 1241 sit
779 1189 888 1244 carrdor
901 1189 928 1243 in
946 1187 1030 1255 tultis,
1081 1183 1160 1254 periti
1183 1185 1333 1256 loquuntur
1346 1201 1439 1242 escam
1453 1203 1514 1244 esse
1538 1189 1725 1257 coturnicum,
1749 1203 1784 1245 eo
1804 1190 1872 1259 qnod

236 1283 470 1353 quemadmodum
479 1283 578 1352 stipata
589 1281 647 1352 ipsa
659 1279 723 1335 lolia
735 1277 770 1333 ab
781 1277 839 1335 imo
850 1280 1031 1336 adsummum
1081 1276 1200 1331 naturali
1216 1277 1335 1347 quodam
1361 1287 1578 1349 temperamento
1604 1280 1648 1336 sui
1679 1281 1805 1352 corporis
1822 1282 1872 1336 rin

234 1373 381 1429 rideantur
395 1387 549 1444 assurgere,
565 1381 595 1427 ut
617 1371 712 1444 scyphi
725 1371 882 1440 exprimant
896 1371 1030 1440 sormam,
1081 1367 1173 1436 pabuli
1187 1369 1311 1424 nocentis
1325 1369 1436 1425 evitent.
1455 1369 1562 1426 Etenim
1574 1371 1597 1427 si
1610 1373 1720 1428 ratione
1736 1372 1874 1430 medicina

235 1463 343 1518 utauri
359 1463 485 1533 quaedam
510 1462 614 1532 speeies
640 1463 715 1518 intus
731 1461 880 1532 effulgeat:
907 1478 969 1534 quar
990 1470 1025 1518 ta·
1081 1459 1243 1531 plerumque
1273 1461 1307 1518 ad
1333 1461 1522 1519 salubritatem
1546 1463 1661 1519 humaui
1688 1479 1801 1535 qnoque
1816 1479 1874 1520 cor·

236 1567 302 1606 men
328 1551 400 1607 ralio
425 1550 454 1606 in
484 1551 601 1606 circuitu
627 1550 704 1605 doris
726 1551 839 1620 obsepta
852 1551 920 1606 nulli
942 1560 1033 1622 pateat
1082 1552 1158 1622 poris
1185 1561 1363 1623 temperatur,
1387 1555 1430 1610 cui
1467 1555 1575 1611 ridetur
1608 1571 1672 1612 esse
1695 1556 1872 1623 eontrarium,

237 1642 357 1712 injuria.
373 1639 404 1696 Si
415 1641 478 1712 quis
492 1642 567 1697 buno
586 1640 681 1696 liorem
706 1642 844 1713 decerpat,
871 1650 899 1697 et
911 1658 962 1698 sua
976 1642 1033 1698 sol·
1082 1653 1186 1714 quanto
1197 1646 1285 1716 magis
1301 1647 1462 1716 proprietati
1481 1655 1586 1702 natura
1605 1647 1639 1701 ad
1663 1647 1756 1702 eibum
1771 1648 1875 1717 proiicit

236 1742 285 1789 vai
298 1734 325 1786 in
337 1732 414 1800 lolia,
428 1749 490 1803 qttae
500 1734 568 1788 lanii
580 1744 622 1789 esi
633 1734 856 1789 artiticismanus
871 1750 933 1804 qttae
944 1735 1033 1806 possit
1083 1742 1156 1811 quod
1175 1742 1281 1798 medica
1308 1757 1391 1796 manu
1415 1743 1584 1798 convertitur
1611 1741 1646 1797 ad
1666 1741 1806 1797 salutem?
1826 1739 1873 1797 Per

236 1823 421 1894 liliispeclem
434 1822 610 1878 reformare?
632 1822 699 1890 Quis
721 1831 813 1880 lanius
838 1825 962 1880 imitator
981 1799 1069 1881 nil-B
1084 1834 1295 1905 mandragoram
1321 1849 1431 1905 quoque
1447 1826 1560 1890 solimus
1590 1834 1753 1905 frequenter
1790 1849 1873 1889 aegea.

238 1925 319 1982 turae,
339 1913 477 1970 utilorcm
501 1915 576 1970 bunc
595 1915 782 1987 redintegrare
798 1925 957 1987 praesumat,
986 1917 1031 1974 eui
1084 1925 1377 1996 siturnbisigiliarnm
1402 1927 1468 1997 aegri
1497 1924 1665 1981 aidietantur
1691 1926 1871 1981 incommodo.

237 2005 372 2062 Dominus
397 2014 504 2060 tantuna
531 2007 719 2063 testimonium
739 2008 823 2074 dedit,
848 2016 879 2064 ut
904 2010 1004 2065 diceret
1023 2026 1030 2064 :
1082 2015 1151 2072 Nam
1169 2019 1234 2089 quid
1246 2019 1279 2074 de
1290 2019 1352 2088 opio
1373 2017 1491 2088 loquar?
1510 2019 1683 2088 quodetiam
1700 2018 1783 2073 nobis
1795 2017 1874 2088 quoti·

240 2118 251 2150 ι
268 2097 324 2155 Nee
350 2099 480 2156 Salomon
503 2100 531 2154 in
562 2101 655 2156 omnia
671 2101 758 2172 gloria
770 2117 820 2156 sua
842 2101 882 2159 sic
896 2103 1032 2159 vestieba·
1083 2109 1448 2182 dtannprnpensutnnotntt‚
1463 2123 1598 2184 qnantum
1609 2110 1770 2170 dolaresen
1783 2109 1876 2178 granis.

238 2200 297 2258 tur,
313 2190 385 2246 sicut
402 2208 475 2249 unus
494 2207 529 2247 ex
552 2192 614 2248 istis
636 2191 744 2263 (Mettis.
772 2193 820 2264 ιι).
840 2193 897 2249 ilex
919 2195 1033 2265 opulen-
1084 2201 1146 2255 simi
1161 2202 1330 2257 internorum
1344 2192 1805 2273 saeperiscerumsupinatum-Nec
1817 2199 1875 2254 iliad

236 2282 362 2338 tissimus
404 2290 431 2338 et
462 2284 684 2354 sapientissimus
723 2282 837 2341 interior
871 2284 1031 2355 judio-aton
1083 2293 1203 2363 praeterit
1228 2293 1570 2364 quodconioplerumque
1592 2293 1704 2349 furores
1735 2292 1875 2347 libidinum

235 2391 376 2447 quamque
392 2375 476 2447 huius
495 2376 571 2432 fl⁰fi⁵
597 2376 773 2448 bulchf51⁰d⁰
792 2385 845 2434 0⁵1·
865 2376 936 2445 Quid
960 2392 1032 2433 0¹¹⁰·
1083 2385 1449 2450 marcuerunt,etbollcboro
1461 2385 1729 2456 retustrepassionee
1743 2384 1878 2459 aegrieor-

236 2481 340 2524 fflssfiffl
367 2482 449 2524 ⁵⁰00⁵
474 2467 623 2524 hssibifflffl
644 2468 788 2524 salubres?
812 2468 877 2538 (1¹¹id
898 2467 1032 2540 Villium·
1082 2481 1159 2554 poris
1183 2488 1247 2537 suut
1263 2479 1368 2536 solute.
1383 2477 1442 2534 Non
1472 2478 1561 2535 solum
1577 2479 1663 2543 igitur
1690 2477 1772 2532 nulla
1792 2477 1820 2532 in
1839 2476 1876 2530 bis

237 2575 299 2616 rum
325 2575 359 2616 ae
383 2559 512 2616 loliorum
536 2561 680 2616 remediat
706 2559 811 2616 Gerros
844 2574 915 2630 eger
935 2574 1032 2615 ramu-
1083 2572 1261 2645 ,eprehensio
1278 2569 1427 2639 camaras,
1446 2571 1493 2627 ,aa
1517 2571 1598 2626 epam
1621 2571 1827 2628 meramnum
1841 2577 1877 2623 aa

237 2655 330 2712 oculos
352 2653 420 2710 olere
441 2653 557 2723 mandit,
577 2661 605 2710 et
618 2668 704 2710 sanus
720 2653 751 2709 bt
766 2671 772 2708 :
787 2652 909 2708 locustas
923 2667 1033 2724 quoque
1083 2667 1243 2738 graciarum,
1260 2664 1289 2721 si
1311 2663 1421 2735 quidem
1445 2663 1518 2736 quod
1531 2664 1565 2720 ad
1587 2663 1745 2734 periculum
1759 2663 1876 2741 ⁷putabet

237 2751 304 2810 tolia
321 2754 388 2810 olere
404 2769 500 2809 arrosa
512 2754 629 2810 liberant
641 2751 677 2808 ab
689 2750 860 2825 egritudine.
873 2748 944 2806 Rubi
956 2750 1032 2820 ,lolia
1083 2773 1144 2814 esse
1164 2767 1333 2830 generatum,
1349 2757 1382 2812 ad
1397 2755 1515 2812 remedia
1538 2755 1587 2810 tibi
1609 2755 1709 2811 salutis
1741 2763 1873 2826 operatur.

239 2845 394 2916 superjecta
422 2845 544 2916 serpenti
567 2845 811 2900 interimunteum.
841 2841 951 2898 Culices
977 2858 1033 2898 nott
1083 2847 1152 2905 Nam
1169 2857 1197 2904 ct
1212 2849 1237 2905 id
1250 2847 1323 2920 quod
1338 2847 1450 2918 periculi
1466 2855 1508 2902 est
1520 2861 1566 2916 per
1577 2845 1781 2916 providentiam
1795 2845 1876 2900 decli-

239 2945 356 3007 i²¹¹d¹¹¹¹i
367 2945 403 3003 ῑθ,
418 2937 443 2992 ῦῑ
467 2937 606 3009 absinthii
635 2937 747 2992 bethim
760 2951 823 2993 cum
840 2935 901 2990 ⁰1³0
917 2950 1031 3006 militas,
1085 2953 1176 3009 natur,
1189 2950 1216 2997 et
1230 2941 1256 2996 id
1271 2938 1345 3010 qrrod
1359 2937 1455 2994 salutis
1466 2953 1515 3008 per
1525 2936 1691 2992 industriam
1706 2949 1763 2991 noo
1778 2935 1876 2990 admit·

237 3031 534 3099 eteoteperuureris.
552 3029 605 3086 Sed
624 3030 693 3086 lorte
715 3031 809 3088 dicant
820 3030 926 3100 aliqui:
943 3027 1033 3100 Quid?
1084 3031 1161 3086 titur.
1191 3030 1231 3083 An
1258 3045 1323 3085 ores
1343 3036 1370 3085 et
1393 3043 1483 3098 caprae
1509 3043 1540 3083 ea
1564 3041 1629 3098 quae
1643 3034 1705 3082 sunt
1723 3025 1778 3081 sibi
1792 3025 1874 3080 neria

238 3121 313 3190 quod
328 3137 391 3176 eum
409 3122 524 3178 utilibus
534 3124 619 3178 etiam
646 3123 756 3179 lethalia
778 3132 806 3179 et
816 3123 970 3194 perniciosa
985 3138 1033 3195 ge·
1048 3132 1069 3189 c
1086 3122 1224 3178 declinare
1248 3121 1412 3187 didicerunt,
1440 3127 1467 3176 et
1488 3119 1547 3176 solo
1572 3119 1657 3176 odore
1679 3133 1726 3188 per
1735 3118 1876 3189 quoddam

238 3221 456 3280 merantur,cum
480 3215 703 3285 tritieololium,
734 3216 1033 3287 quodinteralimenta
1087 3214 1210 3269 naturale
1233 3213 1403 3285 mysterium,
1422 3227 1485 3267 cum
1507 3212 1562 3267 siut
1590 3210 1708 3266 rationis
1741 3218 1875 3279 expertes,

241 3306 306 3362 ritae
328 3309 445 3363 noxium
465 3309 624 3379 reperitur,
656 3317 683 3365 et
701 3308 754 3365 nisi
774 3309 918 3379 praerisum
940 3307 1033 3374 luerit,
1086 3308 1219 3362 rationem
1232 3313 1322 3361 tamen
1334 3305 1465 3360 evadendi
1476 3305 1590 3374 periculi
1605 3305 1648 3360 rel
1659 3303 1771 3360 tuendae
1786 3303 1878 3360 salutis

239 3400 381 3455 consuerit
393 3401 474 3456 saluti
487 3399 669 3458 nocere.lnter
682 3401 734 3455 alia
748 3399 1034 3470 quoquenutrimenta
1086 3409 1248 3472 agnoscunt,
1277 3399 1415 3468 noxiaque
1439 3397 1542 3468 pariter
1566 3412 1599 3452 ac
1625 3398 1774 3467 protutura
1785 3396 1877 3450 distin·

240 3490 304 3546 rita
320 3491 488 3547 helleborum
501 3494 722 3563 deprehenditur,
739 3493 846 3548 aconita
858 3507 969 3563 quoque
983 3491 1035 3546 lal-
1085 3497 1152 3560 gunt
1167 3506 1174 3542 z
1192 3489 1227 3544 ita
1244 3499 1274 3544 ut
1291 3489 1452 3559 plerumque
1472 3501 1534 3542 cum
1562 3495 1668 3542 armata
1692 3487 1807 3542 reneuis
1830 3489 1876 3541 tela

240 3582 302 3638 lunt
316 3583 473 3654 frequenter
487 3594 514 3641 et
523 3586 662 3656 decipiunt
675 3586 857 3658 colligentem,
870 3585 917 3641 sed
931 3587 983 3640 hoe
995 3586 1033 3640 ita
1085 3581 1231 3644 senserint,
1249 3589 1329 3636 notas
1341 3591 1432 3650 petere
1444 3580 1553 3646 berbas,
1565 3587 1648 3649 atque
1668 3578 1714 3637 bis
1729 3579 1875 3635 remedium

176 3743 182 3753 .
240 3685 285 3733 est
309 3691 341 3731 ac
370 3677 393 3730 si
418 3677 604 3748 reprehendas
633 3687 744 3746 terram,
775 3679 839 3749 quia
867 3694 1034 3734 nnnnnrnes
1085 3673 1190 3727 uulneri
1204 3672 1330 3728 dicantur
1343 3671 1481 3727 adhibere.
1494 3671 1579 3726 Cibus
1590 3671 1665 3726 illius
1680 3669 1876 3733 medicinaest,

241 3767 368 3823 immines
378 3768 443 3823 boni
460 3787 466 3823 :
485 3770 532 3824 sed
545 3769 619 3840 quad
635 3771 697 3840 ptus
708 3779 751 3826 est
775 3771 878 3842 accipre,
892 3773 957 3841 qnia
978 3787 1033 3826 nnn
1087 3773 1118 3819 ut
1129 3764 1355 3836 resiliresagittas
1369 3764 1461 3819 videas
1473 3763 1607 3819 erulnerc
1618 3771 1645 3818 et
1657 3762 1766 3834 lugere,
1778 3777 1877 3818 uenena

243 3859 416 3914 oraruesboni
439 3859 528 3930 angeli
545 3861 571 3914 in
585 3861 664 3916 coelo.
683 3859 754 3916 Num
771 3862 855 3934 igitur
869 3861 980 3932 dignum
993 3871 1033 3918 est
1086 3872 1140 3912 nou
1160 3873 1277 3928 serpere.
1302 3853 1424 3926 [leuique
1449 3855 1538 3910 cernis
1564 3855 1643 3909 cibus
1668 3870 1806 3911 uenenum
1827 3865 1875 3910 est

240 3959 272 4006 ut
288 3950 315 4004 in
327 3951 371 4006 bis
391 3967 454 4021 quae
478 3951 554 4006 utilia
575 3960 640 4006 sunt
665 3953 861 4023 posthabentes
884 3954 1034 4010 conditoris
1085 3948 1204 4006 Coluber
1219 3964 1329 4004 coruum
1342 3947 1421 4019 lugit,
1437 3947 1543 4002 leonem
1565 3947 1707 4003 interficit.
1724 3946 1813 4002 liraeo
1826 3947 1877 4002 ele·

240 4043 355 4114 gratiam
369 4044 504 4110 conliteri,
519 4053 724 4114 quarupropter
736 4045 826 4114 aliqua
839 4043 1033 4099 alimentorum
1085 4043 1214 4116 phantom
1237 4043 1312 4114 ligat,
1329 4041 1409 4110 eujus
1425 4041 1503 4094 ruina
1528 4055 1605 4096 mors
1625 4039 1741 4097 victoris
1762 4049 1804 4096 est
1823 4059 1829 4092 :
1851 4047 1877 4093 et

242 4138 326 4193 noxia
348 4136 488 4192 Creatoris
512 4136 714 4206 prospicientiae
751 4136 926 4206 derogemus,
954 4137 1034 4206 quasi
1090 4135 1152 4192 ideo
1177 4149 1284 4190 summe
1306 4134 1435 4202 utrinque
1453 4140 1577 4188 certant:
1593 4131 1638 4186 ille
1654 4138 1685 4187 ut
1699 4131 1796 4202 pedem
1818 4129 1878 4185 alh·

240 4229 334 4283 omnia
347 4227 418 4299 gulae
436 4243 519 4283 eausa
543 4227 669 4282 debuerit
686 4216 838 4298 procreari,
865 4237 913 4282 aut
935 4228 1034 4299 exigua
1085 4238 1138 4302 get,
1153 4231 1179 4284 iu
1196 4243 1251 4299 quo
1263 4242 1344 4282 casus
1358 4227 1424 4282 uicti
1450 4225 1502 4281 sibi
1521 4239 1621 4280 nocere
1635 4239 1691 4281 non
1708 4227 1814 4294 possit;
1829 4223 1878 4276 iste

240 4321 307 4384 sint,
324 4335 386 4394 que
410 4320 500 4374 nentri
525 4330 620 4375 nostro
641 4319 732 4376 diuina
753 4319 922 4392 indulgentia
939 4321 1034 4377 minis·
1085 4336 1119 4376 ne
1148 4319 1301 4391 posteriore
1326 4326 1467 4373 extremus
1492 4316 1560 4385 pede
1590 4325 1639 4372 eut
1659 4316 1730 4370 calla
1758 4314 1878 4384 capiatur

241 4410 370 4465 traverit?
385 4409 507 4472 bennun
521 4410 684 4466 nobisescm
697 4418 801 4465 suntet
822 4419 893 4465 troiae
904 4411 1033 4474 omnibus
1087 4421 1214 4484 nrrgrrsto,
1230 4411 1276 4467 ubi
1290 4411 1332 4466 uel
1347 4411 1404 4481 ipse
1430 4422 1459 4464 se
1479 4421 1533 4462 non
1559 4416 1643 4479 queat
1667 4417 1835 4478 retorquere,
1852 4413 1878 4460 et

240 4518 302 4572 qum
325 4510 353 4558 et
378 4503 545 4573 voluptatem
571 4498 718 4574 generiem,
735 4504 901 4573 etcorporis
916 4504 1033 4560 salubri·
1086 4506 1233 4562 draconum
1254 4504 1330 4577 graui
1355 4513 1493 4574 proterere
1515 4503 1641 4572 uestigio,
1667 4501 1709 4556 rel
1741 4498 1877 4570 soquerrtis

240 4604 335 4652 tatem.
359 4594 472 4666 Singula
502 4604 594 4651 autern
617 4612 713 4651 eorum
740 4613 802 4667 quae
829 4605 1033 4667 generanture
1087 4596 1222 4668 elephanti
1251 4595 1383 4652 auxilium
1400 4611 1456 4651 non
1473 4592 1668 4663 boberellam
1683 4591 1707 4646 si
1733 4591 1878 4646 irrationa-

240 4688 323 4744 terris
351 4689 496 4758 specialem
523 4689 672 4759 quamdam
690 4689 792 4744 babent
806 4691 952 4758 rationem,
972 4705 1034 4762 quae
1086 4689 1151 4746 bilia
1165 4688 1294 4744 animalia
1320 4695 1423 4743 norunt
1437 4685 1537 4758 quibus
1558 4685 1610 4740 sibi
1637 4693 1685 4739 aut
1710 4683 1878 4739 medicentur

240 4795 291 4851 pro
305 4781 375 4835 uirili
389 4782 514 4850 portione
534 4781 672 4853 complent
689 4781 825 4839 universae
836 4784 1033 4854 plenitudinem
1087 4781 1189 4846 herbis,
1203 4788 1250 4836 aut
1262 4779 1392 4837 subsidiis
1406 4793 1484 4850 opem
1500 4775 1720 4844 afferant,bomo
1735 4775 1821 4830 nescit
1834 4773 1879 4828 cui

240 4879 383 4926 creaturae.
405 4871 465 4926 Alia
488 4888 554 4943 ergo
579 4874 650 4943 esui,
664 4873 776 4928 aliaalii
794 4875 1031 4931 nascunturusui.
1088 4873 1259 4929 rationabilis
1282 4887 1381 4929 sensus
1402 4870 1562 4926 innascitur.
1576 4865 1610 4923 Et
1634 4867 1696 4923 idco
1721 4867 1756 4922 de
1771 4864 1879 4921 irratio·

240 4957 314 5014 Nihil
333 4969 423 5028 vacat,
445 4962 513 5017 nibil
530 4963 610 5019 inane
633 4965 770 5036 germinat
788 4972 870 5021 terra.
892 4964 969 5032 Quod
984 4964 1033 5022 tibi
1087 4967 1224 5023 nobilibus
1247 4967 1328 5022 rebus
1342 4965 1442 5020 dantur
1457 4963 1534 5018 nobis
1552 4959 1690 5032 exempla,
1707 4967 1739 5016 ut
1755 4973 1803 5031 per
1821 4957 1880 5012 haec

241 5057 321 5118 putas
335 5048 441 5118 inutile,
453 5052 516 5107 aliis
529 5053 595 5108 utile
610 5061 652 5110 est
667 5073 675 5109 τ
690 5055 750 5109 imo
768 5054 821 5125 ipsi
839 5055 887 5112 tibi
902 5054 1033 5126 treqnen-
1087 5061 1232 5116 reniamus
1242 5058 1276 5115 ad
1291 5056 1539 5114 rationabilitatem.

239 5143 283 5191 ter
297 5138 351 5194 alio
378 5146 421 5194 est
436 5140 497 5196 usui
518 5141 590 5197 utile.
615 5143 697 5211 Quod
720 5158 816 5200 escam
844 5163 898 5203 non
921 5146 1033 5218 adjurat

624 5401 937 5497 uoutttttdt
977 5404 1202 5497 oboluit
1246 5401 1454 5494 suxit.

887 5597 1069 5660 secundum
1087 5597 1217 5658 Lucam.

272 5752 445 5822 «bolesur
465 5759 491 5814 ln
514 5760 660 5816 civitatem
676 5773 746 5829 quae
767 5766 887 5815 roratur
899 5758 988 5817 Nalm.
1002 5759 1035 5816 Et
1093 5760 1167 5816 ibaut
1181 5774 1244 5816 cum
1260 5760 1307 5817 illo
1321 5757 1444 5831 discipuli
1456 5754 1522 5826 ejus,
1534 5761 1560 5808 et
1573 5749 1656 5810 turba
1671 5749 1798 5821 copiosa.
1809 5746 1882 5807 ona
