4017 6342
246 292 320 352 q„
826 261 1012 342 Wnttssnt
1030 285 1178 342 tonsus
1199 284 1228 344 s.
1249 285 1361 344 suisti
1845 299 1898 360 issi

249 409 400 475 misenam,
414 417 441 464 et
460 410 543 464 beata
553 407 616 462 rita
637 378 715 465 pleni
737 371 842 476 gumi
876 402 1063 474 percipiamus
1077 411 1101 470 Α
1115 401 1220 458 dictum
1235 413 1287 472 est,
1301 404 1375 475 quod
1388 405 1479 461 oratio
1496 415 1612 478 quierit,
1626 411 1823 482 contemplatio
1839 417 1899 476 inie-

252 499 379 570 gimiqffl,
390 497 460 554 otim
471 499 588 553 munaus
601 465 854 574 gloriantibus
870 489 976 562 floruit,
989 495 1064 551 urbi-
1116 493 1166 551 nit.
1183 493 1266 552 Vides
1276 497 1359 568 igitur
1369 498 1510 568 quomodo
1524 515 1574 570 per
1587 501 1640 558 bos
1651 505 1755 574 gratius
1768 511 1900 568 ascenden-

253 589 307 646 ως
320 601 347 645 gg
360 591 463 644 ,igibus
487 591 582 661 viguit,
598 593 626 641 et
644 581 738 635 tamen
750 569 826 635 lttsti
853 596 986 644 ornatum
1001 589 1063 658 ejus
1115 588 1189 644 tibus
1216 589 1348 658 perfectio
1371 593 1514 662 occurrit,
1540 602 1570 648 ut
1584 595 1632 665 qui
1647 595 1721 652 infra
1743 607 1898 672 remanserit,

255 691 419 750 spreverunt
434 682 607 751 quosnunde
624 674 759 733 insuescere
783 677 956 736 potuerunt,
983 681 1063 738 Nune
1114 678 1255 748 perfectus
1267 697 1328 737 esse
1343 699 1399 738 non
1413 684 1512 754 possit.
1542 683 1722 758 Propositum
1746 707 1812 760 ergo
1837 699 1899 754 nolis

256 771 352 824 niuindi
364 771 449 840 gloria
461 773 550 839 aruit;
564 785 638 827 nunc
649 771 742 822 antem
753 765 854 824 omnis
866 773 960 829 saecum
973 773 1063 830 bonor
1114 772 1194 828 debet
1211 788 1273 828 esse
1283 789 1392 846 semper
1403 778 1563 846 ascendere,
1575 781 1624 835 sed
1640 784 1774 852 quoniam
1787 793 1855 844 nnn
1867 803 1898 847 est

256 861 597 927 extaliuit,etnosmiseri
610 850 1063 923 lloremejusaridumtotocorde
1114 862 1283 920 mutabilitas
1307 867 1371 922 ritae
1397 874 1510 936 nostrae,
1538 877 1568 924 ut
1589 870 1618 924 in
1643 874 1743 928 eodem
1759 883 1832 930 stare
1851 895 1893 934 nori

257 953 463 1032 amplectimur,
481 969 533 1010 uos
546 955 696 1026 fugientem
711 955 739 1003 et
750 947 923 1011 arridentem
937 966 996 1012 toto
1012 957 1062 1012 de·
1113 955 1262 1024 possimus,
1275 959 1401 1028 cogimur
1415 974 1489 1031 saepe
1503 961 1538 1016 ad
1554 970 1696 1020 transacta
1712 969 1864 1038 respicere,
1875 983 1896 1030 et

258 1043 362 1097 siderio
377 1046 530 1115 sequimur.
547 1046 581 1102 Et
592 1046 659 1118 quia
671 1043 730 1114 jain
744 1041 884 1103 charitate
898 1048 1062 1120 frigescente
1113 1063 1148 1106 ne
1166 1050 1325 1109 amittamus
1344 1054 1410 1110 illud
1425 1055 1453 1111 in
1467 1072 1523 1128 quo
1535 1073 1643 1128 sumus,
1657 1063 1813 1132 repetimus
1825 1083 1896 1138 qnan-

259 1135 364 1189 nnliius
376 1137 476 1203 oratio,
489 1139 592 1194 niillius
603 1137 733 1193 meritum
754 1150 819 1192 eum
833 1137 923 1208 fulcit,
935 1142 993 1211 jam
1018 1157 1062 1198 se·
1112 1139 1204 1210 doque
1216 1143 1290 1212 quod
1302 1145 1492 1204 transivimus.
1509 1147 1591 1205 Verbi
1603 1152 1694 1223 gratia
1708 1173 1716 1208 :
1732 1153 1896 1232 Quiinopeir

259 1225 308 1280 nio
326 1225 470 1282 eoirfeetus
483 1228 628 1300 iniquitate
644 1227 730 1283 riinria
748 1227 1062 1302 irnpulsusquantocius
1112 1239 1242 1289 strennus
1253 1243 1304 1303 est,
1320 1245 1382 1292 orat
1394 1253 1429 1294 ne
1443 1239 1562 1297 deficiat.
1577 1241 1630 1310 Qui
1645 1246 1786 1315 precibus
1800 1251 1896 1322 insistit,

259 1320 377 1385 corruit,
394 1333 547 1390 omnesque
565 1322 618 1377 sibi
631 1331 724 1377 mente
737 1321 906 1381 inbaerentes
919 1326 1060 1395 opprimit.
1112 1335 1164 1374 ¹¹0⁰
1176 1323 1282 1377 01111110
1298 1324 1429 1393 offenditis
1443 1329 1594 1386 meditatur
1611 1333 1680 1402 finiti
1707 1337 1840 1394 orandum
1859 1344 1895 1410 sit,

259 1407 352 1477 nisis,
363 1411 532 1479 charissimi,
547 1412 631 1468 coma
645 1429 709 1468 cun
729 1415 858 1471 maninus
871 1415 907 1471 aa
923 1415 1010 1472 mun
1022 1417 1062 1474 te·
1111 1418 1139 1464 et
1157 1411 1204 1480 qui
1219 1412 1367 1484 aliquando
1383 1416 1411 1470 in
1428 1419 1540 1489 bronio
1553 1423 1673 1478 consilio
1684 1425 1893 1500 ministrarit,

259 1515 369 1569 remus,
388 1501 486 1558 faciem
501 1503 562 1573 ejus
584 1503 614 1558 iu
632 1503 807 1562 confessione
822 1523 1058 1579 preoccupemus,
1111 1505 1255 1562 lectionem
1271 1509 1402 1579 consulit,
1417 1521 1445 1567 et
1459 1513 1500 1570 sic
1514 1517 1606 1572 evenit
1629 1528 1660 1574 ut
1676 1535 1740 1578 com
1762 1529 1894 1586 nornen

260 1603 294 1649 nt
306 1595 334 1649 in
351 1597 590 1666 appropinquante
600 1597 672 1653 festo
685 1614 737 1654 nos
750 1599 778 1653 in
799 1600 915 1656 salutari
928 1616 980 1656 suo
994 1602 1060 1658 visi·
1111 1596 1190 1654 nobis
1197 1613 1306 1670 semper
1316 1600 1353 1656 sit
1361 1603 1680 1672 voluntas,descendere
1689 1619 1775 1670 tamen
1781 1618 1894 1690 aliquau-

258 1695 309 1750 tet,
324 1696 352 1742 et
365 1688 392 1740 in
404 1687 523 1742 adventu
533 1704 586 1744 suo
596 1689 649 1744 sibi
660 1699 837 1747 occursantes
848 1692 877 1748 in
891 1693 996 1749 eielesti
1011 1709 1060 1763 pa·
1110 1687 1146 1742 dn
1167 1703 1218 1746 ¹1⁰⁸
1240 1700 1321 1762 angat
1336 1695 1503 1762 necessitas·
1522 1696 1559 1752 ita
1574 1707 1669 1756 nmen
1684 1715 1714 1758 ut
1728 1705 1756 1760 in
1769 1709 1893 1767 roluutate

258 1778 328 1834 12110
342 1780 468 1836 00110001,
1074 1765 1166 1834 Biton
1190 1781 1219 1836 in
1241 1783 1403 1840 necessitate
1429 1787 1601 1856 propositum
1619 1804 1750 1850 nostrum
1765 1801 1890 1856 consistat.

259 1890 425 1963 Dequinque
435 1893 635 1948 exercitationis
646 1895 774 1964 proditus
785 1897 956 1967 quibusjusti
967 1900 995 1954 in
1006 1899 1057 1954 froc
1109 1868 1188 1936 ΟΜ
1212 1873 1387 1930 ³⁵⁰⁰¹¹¹¹i¹¹¹¹¹⁸
1402 1877 1575 1977 Pf⁰i³⁰⁸5i⁰¹¹¹
1592 1891 1645 1948 θεῖν
1666 1886 1745 1953 quod
1769 1887 1890 1990 descendi-

362 1966 418 2016 or'to
432 1974 597 2032 exerceatur,
611 1975 636 2018 et
657 1966 689 2020 de
702 1967 817 2037 quinque
829 1970 955 2024 statibus.
1108 1977 1171 2017 nius
1182 1972 1293 2034 propter
1304 1975 1487 2034 propositum.
1503 1967 1583 2026 Nune
1595 1987 1662 2044 ergo
1683 1974 1749 2041 boc,
1774 1979 1820 2034 seii
1836 1981 1888 2036 illul

294 2051 418 2119 Qiratuor
431 2063 497 2110 sunt
507 2056 534 2110 in
550 2057 651 2126 quibus
665 2073 739 2112 nurse
748 2067 891 2116 exercetur
903 2061 956 2116 vita
967 2063 1057 2133 josto-

256 2161 333 2214 rum,
347 2156 374 2203 et
386 2151 466 2219 quasi
477 2165 526 2219 per
539 2150 674 2220 quosdam
690 2155 793 2224 gradus
811 2155 846 2209 ad
859 2154 981 2212 futuram
992 2175 1056 2229 per·

256 2238 404 2295 sectionem
430 2241 600 2309 sublevatur,
625 2243 751 2300 videlieet
776 2245 874 2314 lectio,
901 2248 1054 2319 meditatio,

256 2331 347 2386 oratio
357 2340 384 2386 et
397 2333 530 2401 operatio.
545 2332 647 2400 Quinta
668 2335 767 2391 deinde
789 2338 914 2408 sequitur
931 2351 1055 2396 contem·

256 2422 354 2492 piatio,
374 2423 471 2493 inqua
496 2425 577 2493 quasi
592 2424 713 2496 quodam
727 2428 940 2495 precedentium
962 2429 1055 2487 fructu

255 2513 286 2567 in
300 2513 351 2568 bac
362 2513 428 2580 rita,
441 2515 524 2569 etiam
536 2531 599 2585 quae
610 2519 647 2572 sit
658 2516 724 2572 boni
737 2519 830 2588 operis
842 2535 947 2576 merces
960 2520 1053 2580 futura

255 2615 451 2675 praegustatur.
470 2605 549 2663 Unde
566 2607 713 2666 Psalmista
730 2626 793 2666 cuni
809 2611 844 2666 dc
868 2612 981 2681 judiciis
1004 2614 1054 2672 bei

255 2697 426 2767 loqueretur,
439 2701 635 2758 commendans
663 2717 707 2769 ea,
731 2704 822 2758 statim
843 2705 1004 2775 subjunxit:
1023 2707 1052 2763 ln

255 2791 445 2847 custodiendis
455 2792 511 2848 illis
525 2793 670 2849 retributio
685 2795 771 2851 multa
791 2795 879 2866 (Psoi.
902 2796 991 2869 xviii).
1014 2797 1052 2855 Dc

255 2882 301 2940 lais
311 2885 434 2955 quiuqne
446 2885 579 2956 gradibus
591 2905 599 2942 a
613 2887 720 2958 primus
732 2891 845 2960 padus,
857 2891 883 2947 id
899 2901 942 2948 est
958 2893 1050 2961 lectio,

1108 2054 1258 2125 principale
1277 2071 1338 2112 esse
1361 2057 1542 2126 debentium
1560 2073 1760 2124 autemstatus
1782 2070 1889 2130 bumaria

1107 2147 1299 2204 mutabilitatis
1319 2151 1384 2216 siut,
1400 2149 1445 2206 liic
1459 2153 1607 2210 videndum
1634 2158 1700 2214 erit.
1725 2158 1810 2216 llabet
1829 2166 1887 2220 enin

1106 2237 1228 2309 quinque
1255 2248 1345 2296 status
1360 2242 1415 2298 rita
1437 2244 1570 2315 inrmaua,
1583 2263 1632 2319 per
1648 2265 1733 2320 quos,
1753 2253 1816 2323 quia
1829 2273 1886 2309 nuri·

1106 2345 1189 2400 quam
1203 2331 1230 2386 iu
1245 2332 1341 2390 eodem
1355 2343 1427 2390 statu
1442 2336 1488 2390 diu
1505 2353 1669 2408 permanere
1680 2347 1886 2414 potestsinein·

1105 2421 1280 2478 termissioue
1293 2433 1428 2494 mutatur,
1446 2428 1503 2486 sive
1517 2430 1547 2485 in
1559 2432 1662 2488 melius
1673 2437 1829 2506 proficiens,
1839 2441 1887 2496 sire

1104 2511 1235 2571 deficiens
1254 2525 1337 2588 atque
1356 2519 1519 2578 decrescens
1536 2523 1564 2578 in
1578 2525 1670 2596 pejus.
1688 2526 1744 2595 Qui
1756 2541 1818 2586 snut
1832 2550 1886 2605 gnu-

1104 2603 1179 2662 dium
1195 2609 1336 2677 vanitatis,
1349 2611 1429 2668 dolor
1442 2613 1633 2686 confusionis,
1651 2623 1782 2690 gaudium
1803 2641 1885 2683 conso-

1104 2697 1226 2769 lationis,
1250 2701 1330 2757 dolor
1357 2705 1576 2776 exercitationis,
1600 2713 1735 2780 gaudium
1755 2714 1883 2774 felicitatis.

1103 2788 1240 2848 Gaudium
1252 2795 1381 2853 vanitatis
1403 2807 1446 2854 est
1463 2814 1514 2870 pro
1536 2802 1622 2858 lucris
1641 2807 1833 2878 temporalibus
1846 2811 1884 2865 ia

1103 2885 1164 2940 lari.
1178 2885 1262 2942 llolor
1275 2887 1448 2948 confusionis
1463 2901 1505 2948 est
1517 2909 1568 2963 pro
1581 2895 1696 2954 damnis
1708 2904 1884 2973 temporalibus

253 2985 370 3046 quaest
386 2977 595 3047 incipierrtiuni;
610 2995 767 3049 supremus,
783 2983 810 3038 id
831 2991 875 3040 est
883 2985 1052 3055 contempla·
1102 2979 1271 3036 contristari.
1283 2980 1420 3039 Gaudium
1434 2987 1636 3046 consolationis
1651 3000 1695 3048 est
1708 2993 1744 3049 ab
1756 2996 1885 3068 impugna·

254 3069 306 3135 sto,
332 3077 450 3139 qnaeess
469 3069 666 3140 perlectorum,
695 3071 729 3127 Es
751 3073 786 3129 rte
807 3075 905 3131 meniis
926 3076 1049 3146 (paridem,
1063 3105 1084 3162 C
1098 3070 1177 3126 tione
1199 3071 1330 3128 vitiorum
1355 3075 1507 3146 quiescere.
1531 3078 1617 3136 Dolor
1642 3085 1885 3142 exercintionisest

253 3167 361 3229 quanto
371 3160 464 3229 piures
476 3159 541 3231 quis
555 3163 719 3231 ascenderit,
733 3172 810 3220 taum
825 3163 973 3234 perfectior
985 3167 1048 3222 erit.
1101 3161 1240 3220 molestias
1256 3167 1438 3225 tentationum
1451 3171 1599 3230 sustinere.
1612 3175 1747 3232 Gaudium
1759 3177 1885 3234 felicitatis

253 3248 337 3306 Verbi
352 3252 460 3322 gratia:
478 3253 567 3323 prima
589 3254 671 3310 lectio
683 3256 890 3328 intelligentiam
912 3259 982 3314 dat:
1006 3273 1050 3314 se·
1100 3261 1143 3310 est
1158 3253 1273 3312 interna
1284 3257 1439 3316 dulcedinis
1450 3260 1654 3331 iucunditatem
1671 3268 1821 3340 degustare.

252 3343 343 3399 cunda
363 3344 506 3401 meditatio
527 3347 675 3402 consilium
700 3348 932 3419 praestationis
958 3351 1049 3407 oratio
1135 3343 1190 3401 Per
1204 3349 1334 3419 gandium
1363 3353 1492 3409 vanitatis
1519 3356 1582 3426 plus
1599 3358 1746 3431 elongatur
1769 3361 1884 3420 mimas

251 3433 330 3505 petit.
344 3432 448 3501 Quarta
468 3437 593 3507 operatio
618 3439 725 3508 quaerit.
739 3437 839 3505 Quinta
854 3442 1049 3512 contemplatio
1101 3435 1168 3505 ileo,
1187 3439 1251 3510 quia
1264 3449 1341 3498 tanto
1354 3441 1464 3515 longius
1479 3445 1513 3500 ab
1534 3463 1568 3504 eu
1580 3451 1628 3519 qui
1643 3451 1721 3508 intus
1734 3462 1774 3509 est
1784 3455 1884 3518 recedis,

252 3524 366 3580 nisenii.
383 3523 489 3597 Siergo
511 3528 590 3599 legis,
604 3537 633 3584 et
657 3529 867 3602 intelligentiam
896 3532 991 3600 babes,
1021 3544 1049 3592 et
1099 3532 1883 3602 quantoavidiusseaddelectationesexterioreseffundi.

251 3619 324 3674 nosti
336 3618 394 3688 jam
409 3619 475 3689 quid
489 3618 646 3676 faciendum
659 3621 706 3688 sit,
723 3621 833 3679 initium
846 3623 912 3679 boni
923 3634 983 3694 est;
999 3626 1047 3683 sed
1101 3621 1184 3677 ⁰0¹⁰!
1210 3622 1385 3680 coninsiffltis
1417 3629 1518 3686 maiam
1552 3631 1666 3701 quidem
1690 3636 1883 3694 delectationem

251 3709 596 3776 adbuctiblnousufficit,
611 3713 733 3769 nondum
748 3713 887 3786 perfectus
900 3731 941 3774 es.
958 3716 1046 3775 Scan·
1099 3713 1178 3784 quasi
1193 3713 1262 3770 f⁰fi⁵
1276 3716 1452 3786 praeeidit,et
1467 3722 1588 3779 animam
1616 3726 1693 3784 intus
1715 3730 1803 3788 redite
1828 3747 1884 3788 ton·

251 3800 402 3870 deliaque
428 3800 456 3856 in
477 3817 570 3859 arcein
590 3805 710 3873 consilii,
731 3813 761 3861 et
783 3807 915 3864 meditare
929 3810 1048 3881 qualiter
1098 3803 1193 3874 pellit:
1211 3821 1273 3877 quae
1287 3815 1377 3865 umen
1394 3825 1428 3865 eo
1453 3813 1513 3883 ipso
1539 3817 1613 3886 quod
1645 3834 1702 3876 non
1729 3834 1830 3892 sponte,
1844 3825 1884 3880 sed

251 3892 365 3962 implere
381 3893 472 3948 salsas
486 3893 552 3964 quid
576 3893 734 3951 faciendum
748 3911 811 3954 esse
820 3897 954 3955 didicisti.
969 3899 1047 3958 lfulti
1098 3896 1302 3966 quodammodo
1340 3911 1436 3958 coacta
1463 3906 1497 3960 ad
1528 3909 1708 3980 setnetipsatu
1734 3915 1882 3980 retruditur.

249 3983 323 4036 enim
334 3982 436 4038 balent
448 3982 603 4052 seientiam,
617 3985 664 4040 sed
677 3987 758 4057 pauci
772 3995 838 4043 sunt
847 3989 896 4060 qui
910 4001 1047 4048 nonerunt
1098 4001 1150 4044 nec
1163 3989 1283 4059 perfecit
1298 3990 1427 4049 intimum
1446 3995 1565 4064 1111111111,
1580 4015 1672 4072 nequo
1686 4005 1722 4060 ad
1733 4007 1837 4063 virtutis
1847 4008 1884 4062 in·

249 4072 367 4142 qualiter
379 4074 451 4130 seire
465 4084 600 4145 oporteat.
626 4075 735 4134 Rursus
751 4079 883 4149 quoniam
896 4083 1046 4142 consilium
1099 4079 1254 4149 tegritatem
1274 4085 1409 4141 veraciter
1426 4099 1582 4158 reparatur.
1596 4092 1738 4153 Gaudium
1753 4115 1884 4156 resoson-

250 4164 370 4220 bominis
382 4164 443 4221 sine
456 4167 550 4223 diuino
559 4169 663 4224 auxilio
674 4169 814 4227 infirmum
830 4181 872 4228 est
882 4185 910 4229 et
922 4174 1046 4233 inefficax
1098 4170 1243 4230 81111ῑί0ιί8
1267 4173 1325 4245 jain
1348 4177 1554 4247 quodaminodo
1580 4196 1703 4242 menwm
1731 4190 1882 4249 intrinsecus

248 4255 285 4310 ad
300 4255 455 4311 orationem
469 4257 585 4328 erigere,
600 4267 628 4314 et
638 4259 701 4329 ejus
711 4261 880 4331 adiutorium
900 4274 971 4334 pete,
985 4269 1046 4322 sinc
1098 4263 1181 4331 foret,
1194 4274 1276 4336 atque
1288 4272 1440 4339 componit,
1462 4275 1614 4347 suadetque
1627 4289 1658 4334 ut
1672 4297 1767 4338 secum
1786 4299 1881 4354 penna·

248 4360 306 4416 quo
317 4345 514 4418 nullumpotes
533 4345 626 4406 facere
640 4351 757 4419 bonnm,
771 4361 802 4407 ut
819 4353 947 4410 videlicet
958 4357 1045 4428 ipsius
1097 4368 1162 4410 nere
1169 4356 1261 4428 eligat,
1275 4372 1449 4432 nequeextra
1459 4365 1586 4438 dignetur
1596 4383 1723 4442 qnaerere
1735 4377 1806 4447 quod
1815 4378 1880 4432 intus

248 4437 336 4508 gratia
349 4451 411 4507 quas
420 4439 613 4507 preveniendo
626 4449 653 4496 te
666 4440 834 4498 illuminarit
849 4435 1042 4518 subsequendo
1058 4457 1080 4512 [ι
1095 4448 1219 4506 veracius
1229 4459 1311 4522 atque
1319 4458 1444 4514 securius
1454 4461 1541 4531 possit
1548 4465 1702 4532 possidere.
1715 4465 1801 4526 Porio
1812 4470 1880 4526 dolor

247 4527 331 4582 etiam
347 4527 431 4597 pedes
448 4535 512 4584 tuos
523 4528 624 4601 dirigat
640 4530 669 4586 in
685 4532 758 4588 uiam
771 4535 856 4603 pacis,
869 4544 898 4590 et
917 4539 991 4606 qnod
1014 4540 1043 4595 in
1094 4541 1300 4600 exercitationis
1321 4547 1359 4601 ita
1373 4563 1482 4606 omnem
1498 4553 1645 4611 exterioris
1663 4557 1819 4616 dilectionis
1831 4577 1882 4616 nie·

247 4617 307 4674 sola
317 4618 458 4675 voluntate
477 4619 570 4676 adbuc
579 4631 632 4688 est,
647 4621 682 4677 ad
700 4622 828 4680 effectum
848 4627 981 4697 perducat
996 4631 1044 4687 bo-
1094 4632 1210 4688 moriam
1223 4635 1258 4690 ab
1272 4639 1365 4694 animo
1379 4642 1502 4711 seclusit,
1523 4653 1563 4714 nt,
1577 4647 1645 4702 dum
1660 4664 1713 4706 suo
1728 4651 1881 4708 intrinsecus

247 4704 291 4765 nae
304 4710 484 4780 operationis.
1093 4722 1183 4778 dolori
1194 4725 1335 4784 intendere
1346 4732 1456 4802 cogitur
1474 4735 1541 4804 quid
1559 4735 1628 4792 foris
1651 4739 1710 4807 sit,
1735 4743 1881 4800 delasabiie

282 4801 385 4858 Deinde
401 4803 550 4860 restattibi
573 4814 604 4861 ut
625 4807 659 4862 ad
674 4807 778 4864 bonum
793 4824 864 4881 opus
878 4813 1041 4886 accingaris,
1094 4815 1207 4873 minime
1233 4822 1404 4879 recordetur.
1429 4823 1575 4884 Postremo
1599 4833 1734 4901 gaudium
1756 4835 1882 4891 felicitatis

247 4903 278 4950 ut
287 4894 362 4963 quod
376 4897 482 4951 araride
496 4898 578 4967 petis,
594 4901 735 4970 operando
748 4903 874 4974 accipere
897 4908 1040 4966 merearis.
1094 4905 1233 4965 hominem
1258 4911 1341 4968 etiam
1363 4915 1486 4988 seipsum
1501 4919 1630 4978 oblivisci
1643 4921 1723 4992 facit,
1737 4929 1810 4998 quia,
1822 4929 1881 4983 duin

247 4985 371 5042 Tertium
384 4979 492 5059 operari
506 4993 564 5046 ruit
577 4991 724 5060 lieus,nou
738 4996 856 5066 cogeris,
863 4998 911 5052 sed
922 4999 1040 5068 iuvaris.
1094 5013 1172 5055 meus
1186 5008 1242 5058 tota
1255 5019 1440 5074 supernorum
1456 5012 1621 5082 gaudiorum
1636 5017 1777 5075 dulcedini
1793 5021 1872 5076 inliti:

247 5078 276 5133 si
292 5079 379 5148 solus,
393 5090 424 5135 tu
450 5082 489 5135 nil
509 5083 638 5153 perticis;
659 5085 779 5142 sisoius
804 5085 878 5144 Deus
901 5102 1041 5160 operatur,
1094 5103 1177 5160 supra
1200 5094 1349 5152 scelerata
1375 5113 1431 5156 non
1456 5102 1546 5158 solum
1575 5103 1680 5163 iutimae
1703 5111 1883 5168 delectationis

245 5169 285 5226 nil
302 5171 429 5228 mereris.
440 5171 573 5244 operetur
586 5192 653 5247 ergo
671 5175 745 5232 bens
755 5185 786 5232 ut
797 5179 906 5247 possis;
920 5186 1043 5252 opereris
1094 5197 1148 5236 non
1163 5185 1298 5254 meminit,
1313 5189 1361 5244 sed
1383 5190 1444 5260 ipsa
1468 5196 1601 5263 quoniam
1617 5198 1671 5255 sibi
1687 5205 1884 5271 quodammodo

244 5270 273 5317 et
290 5270 338 5330 tu,
353 5272 385 5319 ut
399 5264 502 5336 aliquid
520 5269 664 5324 merearis.
690 5266 741 5324 iiia
765 5274 942 5339 estoperatio
970 5277 1042 5332 bona
1093 5271 1209 5330 feliciter
1219 5276 1248 5331 in
1260 5278 1425 5338 oblivionem
1435 5286 1517 5340 venit.
1526 5284 1611 5356 igitur
1624 5292 1758 5360 gaudium
1765 5296 1885 5352 sanitatis

243 5368 298 5425 qua
311 5356 365 5411 itur
377 5357 412 5412 ad
425 5359 519 5414 vitam.
533 5357 585 5426 oui
598 5360 673 5416 viam
685 5359 758 5415 banc
765 5361 861 5428 currit,
870 5364 954 5421 vitam
967 5384 1043 5438 quae-
1092 5368 1218 5425 animum
1232 5373 1373 5446 dispergit,
1393 5377 1472 5434 dolor
1485 5380 1661 5441 confusionis
1682 5388 1798 5460 colligit,
1824 5405 1885 5459 gnu-

244 5445 290 5499 rit.
309 5445 485 5513 cniitorsare,
504 5459 532 5505 et
542 5453 660 5507 viriliter
670 5465 732 5519 age.
744 5449 832 5506 Habet
844 5453 903 5509 baec
915 5459 958 5513 ria
972 5475 1043 5530 prae·
1093 5459 1169 5516 diurn
1191 5466 1386 5523 consolationis
1411 5471 1562 5542 componit,
1589 5475 1670 5530 dolor
1684 5481 1884 5536 exercitationis

242 5536 329 5590 unium
345 5554 426 5593 snum
440 5541 550 5609 quoties
563 5543 625 5612 eius
640 5541 788 5595 laboribus
799 5539 914 5614 fatigati,
928 5555 1042 5623 superni
1093 5550 1168 5622 ligat,
1184 5556 1313 5626 gaudium
1326 5557 1466 5618 felicitatis
1480 5572 1569 5618 sanat.
1587 5565 1633 5620 Fit
1653 5575 1747 5626 tannen
1762 5586 1884 5628 nonnun-

241 5637 382 5696 respeetus
397 5631 486 5700 gratia
505 5632 697 5695 illustramur,
712 5639 853 5700 gustantes
873 5641 1042 5700 stridentes
1093 5659 1176 5715 quam
1191 5650 1362 5719 utgaudinm
1377 5654 1504 5710 vanitatis
1522 5666 1648 5714 vertatur
1673 5663 1839 5730 quibusdam
1857 5665 1882 5716 ιι

241 5719 370 5782 quoidam
383 5721 527 5777 suarisest
538 5721 689 5779 ftuminns.
705 5718 806 5790 Sisque
819 5726 848 5780 lit
868 5732 943 5796 quod
957 5749 1040 5804 supra
1076 5741 1223 5809 ‚gaudium
1238 5745 1437 5802 consolationis
1453 5767 1459 5804 :
1476 5758 1503 5804 et
1520 5754 1679 5810 econtrario
1693 5759 1797 5827 gaudio
1820 5773 1881 5812 eou-
