4017 6342
247 298 306 370 ἰιι

807 292 973 360 'mannent
992 287 1141 359 sanans
1160 298 1191 356 ε.
1208 292 1323 356 eursu

1840 300 1895 357 ιιι

254 427 350 484 ιοιιιιιι
364 440 415 498 pro
435 422 577 495 temporali
602 420 713 477 interitu
730 424 862 491 perpetuo
881 432 911 473 ιε
928 431 989 473 asse
1006 416 1046 471 ri·
1061 421 1084 479 Α
1097 414 1157 471 buit
1167 414 1239 485 (Act.
1253 414 1313 485 rvr).
1333 411 1434 480 Sedere
1450 428 1568 485 namque
1580 411 1735 483 judicantis
1745 421 1803 482 eat,
1821 424 1897 474 aure

253 529 347 577 cturos
362 516 536 575 :beatissima
548 512 754 583 transmigratio
773 526 806 567 ex
820 511 873 567 hoc
896 509 997 565 saeculo
1018 508 1046 562 in

253 613 444 669 eternitatem.

292 721 420 777 ‹Etdixit
430 719 470 775 eis
481 717 600 775 :Euntes
616 716 645 772 in
660 716 792 785 mundum
805 715 963 771 universum
975 729 1045 784 prae-

250 814 339 869 dicate
366 810 544 880 Evarrgelium
572 794 646 863 omni
672 816 840 863 creatura.»
867 801 948 861 Omni
969 818 1047 861 crea·

249 914 318 959 turae
332 917 387 957 non
405 901 509 957 dicitur
524 914 575 971 pro
592 898 740 956 insensatis
753 886 796 954 νει
813 890 903 953 brutis
919 896 1046 951 animali—

249 994 311 1059 bus,
349 992 397 1047 scd
432 990 523 1047 omnis
554 998 687 1045 creaturae
720 987 832 1044 nomine
873 979 1047 1058 significatur

237 1087 333 1141 horno
347 1084 451 1140 habens
465 1098 526 1139 esse
539 1098 603 1139 cum
623 1082 770 1152 lapidibus,
782 1080 872 1137 vivere
884 1095 948 1137 curn
963 1079 1047 1134 arbo-

249 1178 337 1245 ribus,
354 1176 458 1233 sentire
473 1191 535 1233 eum
550 1175 729 1243 animalibus,
750 1174 901 1245 intelligere
915 1187 977 1228 cum
994 1186 1045 1226 an-

248 1272 320 1342 gelo,
337 1278 466 1326 constare
484 1285 517 1325 ex
530 1267 618 1325 calide
632 1276 660 1323 ει
671 1268 780 1339 frigido,
793 1267 906 1323 humido
917 1276 945 1320 et
955 1265 1043 1331 arido,

249 1362 314 1432 quia
328 1362 419 1417 minor
427 1360 547 1417 mundus
559 1359 642 1415 homo
654 1357 781 1415 est.Cum
796 1357 1044 1431 ergoomniscrea-

249 1462 319 1509 turae
334 1453 437 1525 aliquid
449 1452 549 1508 haheat
561 1452 654 1518 hemo,
670 1450 746 1506 omni
761 1460 895 1507 creaturae
912 1448 1045 1521 praediea-

250 1554 294 1603 tur
318 1544 506 1616 Evangelium,
528 1560 590 1600 cum
613 1544 719 1600 bomini
741 1542 915 1614 praedicatur,
928 1549 1042 1613 propter

248 1655 330 1711 qoem
348 1647 446 1697 cuncta
462 1646 553 1694 creata
565 1645 639 1705 sunt,
652 1645 679 1693 et
691 1637 736 1692 cui
751 1644 851 1692 cuncta
872 1644 937 1691 sunt
950 1634 1044 1704 aliquo

248 1732 331 1787 modo
355 1730 472 1798 similia;
491 1732 534 1786 vel
551 1745 601 1801 per
629 1743 740 1784 omnem
765 1737 923 1784 creaturam
953 1734 1081 1819 potestB

248 1822 390 1895 designari
407 1820 482 1877 natio
497 1819 629 1892 gentium.
644 1817 732 1873 Antea
754 1818 828 1872 enim
846 1816 949 1873 dictum
963 1820 1041 1871 erati

243 1937 260 1969 -ι
274 1916 304 1973 ln
328 1915 401 1971 viam
426 1914 548 1987 gentium
575 1926 608 1967 nc
624 1909 747 1966 abieritis
759 1898 871 1981 (dlettlr.
890 1909 952 1979 xl.»
972 1907 1043 1965 Cum

247 2008 397 2080 discipulos
419 2007 453 2064 ad
475 2001 679 2077 praedicandum
704 2000 813 2058 Veritas
837 2000 931 2068 mittit,
957 2015 1042 2073 grana

244 2101 398 2156 seminisin
411 2098 514 2155 mrrnde
525 2097 639 2169 spargit,
647 2106 675 2152 et
685 2110 772 2167 pauca
787 2093 870 2149 mittit
882 2093 908 2148 iu
921 2094 1041 2160 semine,

246 2200 278 2249 ut
302 2193 453 2249 multarum
477 2190 610 2247 messium
643 2186 737 2259 lruges
762 2184 876 2257 recipiat
897 2200 931 2243 ex
947 2193 1042 2240 nostra

246 2283 310 2341 ilde.
328 2282 476 2355 Sequitur:

287 2393 705 2465 rQuicredideritetbaptizatus
713 2394 806 2461 luerit,
819 2394 982 2460 salvuserit;
993 2394 1042 2465 qui

246 2502 380 2545 veronen
394 2486 541 2543 crediderit
554 2486 792 2543 condemnabitur.
806 2504 815 2537 t
831 2485 902 2553 Quid
917 2485 962 2542 hic
972 2484 1041 2540 dici-

246 2595 309 2637 mus
321 2579 355 2635 dc
365 2577 496 2650 parvulis.
508 2576 555 2648 qui
575 2592 624 2647 per
636 2585 742 2632 aetatem
756 2576 847 2631 adhuc
862 2576 972 2630 credero
986 2590 1040 2631 non

245 2672 356 2729 valenti
371 2669 408 2725 be
431 2668 582 2739 majoribus
603 2666 678 2722 nulla
693 2665 808 2736 quaestio
835 2674 886 2721 est.
901 2662 952 2721 Per
970 2666 1040 2719 alios

246 2760 329 2831 igitur
341 2758 446 2829 parvuli
464 2758 580 2812 credunt
592 2756 619 2811 in
635 2755 765 2822 Ecclesia,
778 2756 850 2811 sicut
862 2770 895 2809 cx
909 2755 970 2809 aliis
985 2763 1040 2809 tra-

247 2850 317 2907 bunt
329 2858 439 2921 peccata
452 2864 514 2920 quae
527 2847 580 2903 illis
593 2846 621 2902 in
638 2848 773 2919 baptismo
784 2842 975 2902 remittuntur,
999 2830 1003 2839 ’
1034 2894 1040 2911 ,

285 3000 294 3034 ι
311 2978 394 3053 Signa
409 2988 501 3036 autem
525 2994 574 3036 eos
587 2978 636 3061 qui
649 2978 825 3045 crediderint,
849 2978 908 3034 haec
922 2992 1040 3050 sequen·

1096 520 1162 561 vero
1177 507 1325 576 pugnantis
1336 515 1378 561 est
1390 506 1432 561 tel
1442 506 1604 576 adinventis.

1135 594 1201 650 rllli
1225 604 1317 652 autem
1337 595 1452 667 proiecti
1475 596 1696 667 predicaverunt
1712 594 1827 666 ubique,
1840 596 1896 655 lica
1997 633 1998 638 κ

1096 696 1271 757 cooperante,
1283 696 1311 742 et
1335 702 1490 742 sermonem
1512 686 1698 742 coulirmaute
1714 689 1897 757 sequentibus
1997 685 1998 718 ³

1097 778 1213 849 signer
1239 778 1409 849 rraecepmm
1426 778 1592 859 obedientia,
1606 778 1798 835 obedientiam
1819 780 1898 850 signa
1997 773 1998 796 ³

1095 870 1270 927 comitantur.
1290 869 1418 941 Legimus
1427 870 1499 941 quod
1507 868 1581 924 Elias
1591 870 1627 926 sit
1642 878 1741 940 raptus
1755 870 1785 923 in
1796 869 1896 924 eoelum
1997 863 1998 918 ἐ

1097 958 1123 1029 (1
1131 959 1221 1031 Vch.
1236 962 1278 1030 ιι),
1296 961 1344 1017 aed
1354 961 1427 1016 aliud
1441 969 1484 1015 est
1493 959 1593 1016 coelum
1599 974 1725 1025 aereum,
1732 959 1809 1014 aliud
1815 960 1898 1014 aetlre·

1096 1067 1184 1107 reum.
1200 1051 1268 1107 illud
1277 1053 1352 1107 enim
1366 1060 1409 1107 εει
1419 1061 1498 1107 terrae
1509 1052 1680 1121 proximum,
1692 1052 1815 1123 quiaper
1830 1051 1897 1106 illud

1096 1158 1160 1199 ares
1172 1142 1296 1198 volitant.
1309 1142 1382 1214 Ergo
1391 1151 1487 1212 raptus
1498 1152 1541 1198 est
1552 1142 1627 1197 Elias
1637 1143 1666 1197 in
1676 1159 1806 1208 acreum,
1816 1151 1846 1198 ut
1855 1160 1899 1197 re·

1095 1244 1176 1305 pente
1186 1236 1331 1291 duceretur
1342 1236 1371 1290 in
1387 1235 1535 1305 quaardem
1542 1243 1677 1290 secretam
1691 1234 1898 1307 regionemter·

1095 1343 1144 1395 rae,
1159 1328 1205 1383 ubi
1213 1327 1428 1398 usqueadllnem
1436 1328 1500 1383 vitae
1508 1328 1590 1394 vitat,
1603 1335 1632 1381 et
1638 1335 1707 1383 tunc
1713 1327 1780 1382 inde
1791 1327 1896 1394 ιωειι,

1094 1428 1122 1473 et
1136 1420 1280 1474 moriatur.
1295 1417 1356 1474 Non
1373 1419 1447 1475 enim
1462 1420 1551 1475 evasit
1571 1426 1703 1487 mortem,
1715 1418 1893 1476 seddietulit.

1095 1510 1260 1582 Redemptor
1274 1522 1366 1567 autem
1376 1520 1471 1568 nester
1482 1526 1538 1569 nou
1549 1512 1668 1579 distulit,
1678 1510 1730 1567 aed
1742 1511 1894 1581 superarit,

1093 1610 1122 1659 et
1144 1603 1260 1675 gloriam
1284 1604 1498 1661 resurrectionis
1526 1604 1705 1659 ascendendo
1730 1602 1894 1659 declaravit.
1997 1669 1998 1672 Ἴ

1093 1695 1182 1752 Gurru
1197 1695 1320 1751 ascendit
1332 1694 1417 1763 Elias,
1432 1705 1465 1751 ιιι
1484 1695 1568 1751 horno
1582 1711 1682 1766 purus,
1698 1694 1828 1765 indigens
1841 1694 1895 1750 ad·

1090 1788 1207 1860 jutario,
1228 1799 1277 1858 ρει
1292 1788 1405 1858 angelos
1417 1788 1491 1843 enim
1507 1786 1580 1843 iacta
1593 1796 1661 1843 sunt
1673 1787 1720 1843 illa
1733 1787 1895 1857 adiumenta
1997 1817 1998 1844 ι

1093 1886 1121 1934 ει
1135 1888 1256 1934 ostensa.
1273 1877 1440 1950 Redemptor
1453 1886 1545 1935 autem
1558 1888 1654 1935 noster
1667 1894 1718 1935 nec
1738 1893 1823 1934 curru
1841 1894 1895 1933 nec
1997 1955 1998 1958 Ἴ

1094 1970 1197 2041 angelis
1208 1971 1309 2042 legitur
1323 1970 1492 2038 sublevatus,
1504 1970 1552 2026 sed
1565 1970 1677 2041 propria
1688 1970 1802 2026 virtute.
1896 2004 1900 2030 t

1128 2060 1222 2117 Enoch
1237 2078 1348 2134 quoque
1366 2063 1515 2118 translatus
1539 2062 1575 2117 ad
1591 2077 1705 2118 acreum
1721 2062 1824 2117 celum
1838 2059 1895 2115 Ro·

1093 2151 1223 2207 minicaru
1241 2152 1432 2208 ascensionem
1449 2151 1613 2225 designavit,
1625 2153 1700 2207 sicut
1711 2151 1814 2221 loseph
1824 2166 1894 2205 ren·

1092 2243 1233 2300 ditionem.
1259 2242 1439 2299 decensionis
1460 2260 1528 2317 crgo
1557 2259 1615 2300 suae
1643 2242 1782 2298 Dominus
1806 2250 1893 2297 testae

1091 2334 1188 2391 habuit
1199 2352 1206 2389 :
1218 2350 1304 2389 unum
1319 2346 1382 2392 ante
1393 2337 1491 2407 legem,
1503 2347 1530 2392 ct
1544 2336 1662 2391 alterum
1674 2336 1806 2406 sublege.
1817 2334 1893 2390 orac

1093 2430 1120 2484 in
1143 2438 1260 2500 utraque
1285 2428 1474 2484 sublevatione
1496 2444 1544 2500 per
1567 2428 1696 2500 quaedam
1719 2428 1891 2483 incrementa

1091 2519 1269 2591 distinguitur
1285 2538 1292 2575 :
1306 2534 1371 2575 nam
1392 2517 1485 2574 Enoch
1506 2520 1667 2587 translatus,
1689 2517 1766 2573 Elias
1793 2518 1891 2573 suere

1091 2620 1153 2667 ctus
1178 2623 1378 2680 memorantur,
1400 2622 1433 2667 ut
1453 2611 1630 2683 postmodum
1646 2612 1817 2681 veniretqui
1840 2626 1890 2665 nec

1091 2704 1240 2760 translatus
1267 2719 1317 2761 uec
1345 2706 1513 2773 subvectus,
1539 2704 1642 2761 coelum
1663 2704 1815 2760 aethereum
1839 2719 1890 2759 sua

1092 2794 1192 2850 virtute
1213 2805 1377 2865 penetraret.
1397 2796 1514 2855 Pensate
1540 2813 1607 2870 ergo
1637 2796 1780 2871 quomodo
1804 2797 1889 2853 ererit

1091 2889 1227 2944 munditia
1241 2890 1406 2959 sanctitatis,
1425 2891 1498 2963 quod
1514 2902 1607 2964 aperte
1623 2885 1780 2949 ostenditur
1799 2892 1828 2945 iu
1848 2889 1889 2945 la·

1090 2980 1173 3036 mulis
1187 2992 1215 3037 ει
1231 2980 1359 3038 bomine.
1374 2982 1537 3041 Translatus
1548 2993 1591 3041 εει
1605 2984 1712 3053 Ειιοειι,
1724 2995 1753 3041 ει
1765 3001 1817 3057 ρει
1840 3001 1888 3040 εο-

246 3082 292 3137 tur
310 3092 316 3129 :
336 3073 491 3129 innomine
514 3071 726 3144 meoldaemouia
750 3072 869 3143 ejicient,
884 3072 986 3143 linguis
1003 3073 1074 3167 loc
1091 3073 1159 3129 itum
1174 3075 1284 3146 genitus
1295 3083 1324 3133 ει
1336 3091 1384 3147 ρει
1394 3076 1497 3133 εοιιιιιιι
1511 3086 1668 3148 generatus,
1685 3094 1800 3134 uxorem
1814 3078 1888 3133 enim

245 3176 366 3240 quantur
379 3167 470 3231 noris,
483 3173 625 3237 serpentes
641 3165 752 3232 tollent';
777 3173 805 3220 et
819 3166 842 3221 si
864 3164 1039 3221 mortiferum
1091 3165 1188 3221 habuit
1197 3174 1225 3222 et
1234 3167 1314 3223 lilios.
1325 3166 1429 3239 Raptus
1440 3177 1483 3225 est
1497 3167 1582 3238 Elias,
1593 3186 1643 3241 per
1654 3170 1755 3226 coitum
1765 3170 1887 3241 genitus,

244 3260 312 3331 quid
325 3258 453 3326 biberint,
470 3273 527 3314 uon
540 3258 581 3314 eis
594 3258 713 3313 nocebit.
736 3256 825 3327 Super
839 3272 928 3329 aegros
939 3273 1041 3315 manus
1092 3259 1207 3315 sednon
1219 3274 1269 3329 ρει
1290 3260 1393 3315 coitum
1408 3276 1558 3335 generans,
1576 3261 1752 3334 nequeenim
1767 3278 1890 3325 uxorem
1997 3253 1998 3306 ἓ

245 3353 398 3425 ιιιιρειιειιι,
423 3359 451 3408 ει
472 3352 543 3408 bene
562 3350 732 3406 habebunt.»
748 3348 957 3421 Nunquidquia
981 3350 1040 3407 haee
1092 3350 1190 3407 habuit
1208 3350 1356 3408 neclilios.
1376 3352 1543 3425 Assumptus
1569 3364 1614 3410 est
1637 3364 1722 3411 autem
1746 3354 1890 3409 Dominus
1997 3341 1998 3418 ξ

245 3446 323 3519 signa
338 3460 391 3500 non
407 3442 534 3511 iacimus,
551 3458 606 3498 nou
629 3442 790 3498 credimus?
805 3440 869 3497 ltaee
886 3442 913 3496 in
925 3442 1041 3498 exordio
1091 3454 1180 3515 neque
1195 3459 1244 3516 per
1257 3446 1361 3501 coitum
1379 3461 1524 3517 generans,
1546 3462 1638 3516 neque
1659 3462 1701 3517 per
1713 3446 1818 3503 coitum
1835 3464 1890 3517 gc-

245 3519 375 3595 Ecclesiae
385 3535 710 3602 lueruntncccssaria,ut
721 3534 789 3589 tides
804 3534 972 3590 credentium
989 3535 1041 3589 mi·
1091 3548 1213 3595 neratus.

244 3625 665 3687 racuttsnutriretur.lloscnim
677 3642 741 3682 cum
752 3626 1039 3697 arbustafplantamus‚
1212 3627 1329 3685 SRRllO
1347 3628 1381 3683 tlt
1400 3628 1615 3686 ascunstontt
1635 3626 1763 3686 botttrtt.

243 3719 342 3777 tandiu
357 3720 398 3776 eis
409 3734 510 3790 aquam
521 3717 673 3787 fundimus,
685 3732 830 3789 quousque
842 3718 870 3773 in
887 3726 959 3774 ιειιιι
973 3734 1041 3776 con·
1127 3718 1223 3787 llodie,
1250 3720 1348 3777 iratres
1373 3721 1539 3788 charissimi,
1562 3730 1605 3775 cst
1629 3719 1810 3776 Ascensionis
1833 3718 1892 3773 iio-

246 3814 395 3870 valescent.
405 3808 475 3867 llinc
485 3810 588 3867 Paulus
601 3828 622 3864 :r
635 3809 747 3882 Linguae
757 3809 784 3865 ιιι
797 3808 906 3881 signum
916 3818 1041 3865 suutnon
1091 3813 1160 3869 mini
1171 3813 1293 3884 jucunda
1305 3812 1451 3869 lestiritas.
1465 3811 1550 3869 llodie
1561 3813 1701 3869 destructa
1713 3811 1892 3868 esthumaui

136 3934 139 3943 v
245 3904 382 3973 fidelibus,
396 3902 444 3961 sed
456 3902 611 3959 inildelibus
620 3901 646 3971 (l
654 3900 716 3959 Cer.
729 3909 797 3973 nav).
810 3921 820 3955 ι
839 3900 938 3957 Sancta
949 3910 1041 3957 tamen
1091 3906 1199 3977 generis
1214 3905 1358 3976 captivitas
1371 3924 1378 3972 ;
1403 3905 1486 3961 hodio
1510 3905 1631 3961 secunda
1647 3905 1763 3960 victoria
1782 3902 1892 3959 Christi

245 3994 371 4053 Ecclesia
391 3995 515 4067 quotidie
538 3994 697 4065 spiritaliter
722 3992 789 4049 lacit
810 3994 886 4064 quod
911 4000 976 4049 tunc
991 4008 1041 4064 per
1091 3994 1296 4066 completaest;
1308 3995 1389 4052 hodie
1403 3996 1578 4066 triumphalia
1591 3994 1760 4065 vexillaejus
1772 3996 1892 4065 erigun-

243 4090 385 4163 apostolos
416 4088 596 4162 corporaliter
618 4088 746 4145 iaciebat.
775 4086 938 4143 Sacerdotes
965 4086 1040 4142 enim
1091 4097 1146 4152 tur,
1168 4087 1202 4142 de
1215 4087 1412 4157 despoliatione
1442 4104 1492 4143 sua
1513 4088 1586 4143 dolet
1613 4102 1677 4142 cum
1698 4086 1822 4157 principe
1834 4100 1894 4143 sua

244 4200 292 4255 ρει
312 4182 460 4240 exorcismi
481 4182 610 4255 gratiam,
631 4196 731 4237 manus
755 4178 930 4236 credentibus
953 4180 1042 4249 impo-
1092 4188 1220 4236 tartarus.
1237 4178 1276 4235 De
1293 4182 1496 4237 restauratione
1509 4181 1605 4237 damni
1629 4180 1673 4237 sui
1689 4179 1791 4252 gaudet
1803 4180 1894 4236 crele-

244 4284 354 4346 nentes,
363 4276 498 4333 daemonia
512 4276 638 4348 ejiciunt,
654 4281 681 4330 et
696 4272 789 4329 lldeles
803 4270 945 4329 secularia
956 4270 1041 4327 verba
1091 4272 1142 4327 stis
1151 4273 1299 4328 exercitus.
1313 4270 1399 4327 llodie
1413 4273 1460 4327 ilia
1474 4288 1552 4338 caro,
1566 4289 1630 4343 quae
1643 4272 1678 4328 de
1694 4273 1775 4329 terris
1792 4273 1895 4327 suble-

245 4368 430 4440 relinqucutes
450 4366 610 4425 conditoris
633 4365 676 4423 sui
698 4359 950 4431 laudcs'insonant,
964 4362 1040 4434 quod
1091 4372 1153 4420 rata
1170 4374 1223 4431 est,
1246 4365 1281 4420 ad
1304 4365 1445 4421 dextoram
1469 4365 1561 4422 Patris
1586 4367 1723 4423 collocata
1746 4376 1800 4433 est,
1819 4366 1896 4436 quia

245 4472 286 4517 cst
298 4462 400 4533 linguis
419 4461 498 4517 novis
521 4460 608 4531 loqui.
634 4457 687 4525 Qui
701 4456 784 4514 ctiam
803 4457 869 4512 dum
888 4456 969 4512 bonis
994 4470 1040 4510 err-
1054 4450 1078 4511 D
1091 4453 1166 4511 omni
1180 4466 1313 4512 creaturae
1325 4458 1437 4527 praelata
1457 4467 1511 4526 est,
1524 4469 1552 4514 et
1565 4459 1657 4515 omnis
1672 4458 1848 4530 principatus
1864 4468 1898 4514 et

245 4552 449 4609 hortationibus
476 4552 610 4607 malitiam
631 4551 666 4607 de
694 4550 791 4606 alienis
813 4548 942 4605 cordibus
964 4547 1040 4603 aule-
1090 4556 1212 4619 potestas
1234 4555 1299 4603 aute
1318 4562 1381 4604 eam
1406 4559 1521 4605 curvata
1541 4561 1593 4607 est.
1619 4548 1708 4606 Hodie
1734 4551 1830 4619 itaque
1845 4551 1899 4604 via

245 4652 320 4713 runt,
343 4650 485 4714 serpentes
500 4642 609 4699 tollunt.
627 4640 658 4697 Et
673 4640 739 4696 dum
760 4639 905 4712 pestilerae
924 4638 1040 4694 audiunt
1091 4655 1170 4704 nova,
1187 4638 1222 4695 de
1235 4654 1290 4709 qua
1304 4637 1372 4696 dicit
1381 4639 1531 4712 Apostolus
1542 4640 1638 4713 (lleir.
1652 4643 1695 4713 r),
1711 4628 1822 4697 initiata
1833 4652 1898 4706 est.

244 4735 400 4803 suasiones,
415 4734 463 4791 sed
480 4742 572 4789 tamen
598 4733 632 4788 ad
654 4732 840 4804 operationem
863 4746 974 4803 pravam
988 4730 1041 4786 mi·
1090 4731 1155 4801 quia
1166 4746 1214 4802 per
1224 4747 1335 4788 carnem
1348 4733 1452 4790 Christi
1466 4732 1558 4790 aditus
1569 4734 1644 4801 coeli,
1657 4750 1709 4805 per
1718 4750 1798 4806 quem
1807 4734 1900 4788 nulla

245 4829 320 4884 nime
334 4828 539 4899 pertrahuntur,
558 4826 731 4883 mor-tilcrum
744 4826 854 4898 quidem
868 4826 976 4891 bibunt,
991 4826 1039 4881 sed
1091 4826 1167 4895 prius
1180 4842 1244 4882 caro
1260 4827 1417 4894 transierat,
1435 4838 1575 4885 reseratus
1593 4837 1645 4884 cst.
1668 4826 1756 4885 llodie
1778 4830 1902 4897 apertio
1997 4823 1998 4864 ι

245 4936 302 4976 non
313 4922 354 4977 eis
365 4930 455 4979 nocet.
473 4920 543 4976 llum
557 4929 647 4976 autem
661 4918 744 4976 vitam
759 4921 931 4977 intirmorum
946 4920 972 4974 in
989 4918 1040 4973 lide
1092 4915 1154 4970 libri
1174 4914 1459 4988 perlectacst,qucm
1481 4932 1562 4972 nemo
1586 4918 1677 4987 potuit
1703 4918 1812 4987 aperire
1837 4918 1903 4973 nisi
1997 4955 1998 4962 ι

245 5012 372 5083 exemplo
397 5028 456 5068 suae
484 5012 652 5083 operationis
677 5013 818 5079 roborant,
844 5028 926 5081 super
952 5025 1040 5083 aegros
1089 5007 1238 5080 Agnusqui
1251 5010 1362 5066 occisus
1375 5018 1418 5066 est
1438 5007 1573 5080 (apocri,
1586 5009 1700 5079 quando
1712 5021 1905 5072 sacramenta

246 5116 346 5158 manus
361 5102 515 5173 imponunt.
529 5102 601 5175 Ergo
613 5112 688 5161 tanto
702 5104 808 5175 majora
821 5102 1039 5169 suntmiracula,
1090 5097 1151 5167 ejus
1164 5098 1282 5155 revelata
1296 5108 1361 5153 sunt
1378 5114 1441 5155 cum
1456 5100 1497 5155 eis
1513 5114 1575 5170 quae
1592 5100 1620 5153 in
1634 5099 1696 5171 lege
1706 5109 1734 5155 et
1743 5102 1907 5171 prophetis

246 5200 350 5261 quanto
363 5206 412 5263 per
424 5192 483 5248 heac
497 5207 550 5248 non
566 5208 682 5264 corpora
693 5194 740 5251 setl
752 5194 850 5247 animae
861 5193 1038 5249 suscitantur.
1091 5186 1268 5244 inveniuntur
1279 5190 1314 5245 dc
1327 5188 1449 5246 Christo.
1464 5188 1551 5245 Hodie
1565 5192 1828 5262 quoquecomplcta
1843 5205 1907 5263 est,

283 5270 334 5339 «tlt
346 5282 598 5355 Dominusquitlem
610 5284 700 5352 iesus,
717 5292 861 5355 postquam
878 5284 986 5341 locutus
999 5293 1042 5340 est
1091 5290 1282 5337 corrsummata
1292 5282 1462 5353 dispensatio
1477 5283 1659 5339 humanitatis
1677 5285 1746 5356 ejus.
1758 5282 1907 5341 Descen-
1997 5302 1999 5369 p

245 5376 453 5445 eis,·benedixit
465 5377 528 5445 illis,
548 5386 576 5432 et
588 5376 702 5433 recessit
716 5377 750 5431 alr
768 5376 819 5443 ειε,
842 5385 869 5431 ει
883 5386 1041 5445 assumptus
1091 5374 1132 5429 dit
1152 5374 1243 5444 primo
1266 5372 1498 5445 Omnipotens,ut
1523 5384 1627 5432 nostrae
1650 5376 1789 5447 particeps
1813 5376 1910 5435 heret

244 5482 287 5527 εει
301 5471 329 5525 in
341 5472 452 5537 coelum,
465 5479 492 5526 et
504 5470 604 5526 sedita
621 5470 724 5525 ιιειιιιε
741 5469 797 5525 liei.
814 5489 823 5523 ι
840 5468 910 5537 Quia
924 5470 1041 5525 ilerlcm·
1092 5474 1207 5534 nature,
1230 5475 1371 5536 postremo
1391 5467 1525 5535 aseendit,
1545 5476 1575 5521 ut
1594 5483 1652 5522 suae
1666 5482 1717 5522 nos
1734 5467 1909 5539 participes

245 5570 308 5631 ptor
334 5567 427 5615 noster
454 5572 529 5616 nunc
554 5557 645 5629 omnia
659 5557 775 5628 iudicat,
791 5569 818 5614 et
834 5560 941 5615 tandem
955 5559 1041 5630 judex
1092 5557 1194 5614 laceret
1209 5558 1312 5629 gloriae.
1332 5557 1488 5621 Descendit,
1507 5570 1539 5614 ut
1552 5573 1604 5615 nos
1617 5558 1761 5625 exaltaret3
1779 5572 1910 5629 ,aseen-

246 5651 312 5707 olim
336 5659 469 5707 venturus
493 5659 546 5716 est,
569 5646 751 5706 blareuseum
775 5652 871 5708 sedero
890 5651 1039 5718 describit;
1091 5650 1141 5715 dit,
1157 5658 1188 5704 ut
1204 5665 1255 5705 nos
1270 5665 1361 5705 secum
1374 5651 1524 5707 ascendere
1538 5651 1651 5709 laceret.

248 5740 403 5813 Stephanus
415 5758 481 5799 vero
494 5750 612 5798 stantem
625 5741 701 5811 vidit,
718 5758 800 5815 qrtem
822 5744 976 5816 adjutorem
991 5744 1041 5799 ha·
1128 5742 1181 5801 Sed
1198 5743 1344 5800 videndum
1357 5752 1399 5800 est
1416 5760 1572 5819 ιριιιιιειιειι
1591 5746 1682 5801 statim
1696 5750 1754 5815 post
1771 5742 1910 5805 Ascen-
