4017 6342
130 399 177 459 „a
684 382 864 439 untsrote
886 383 929 440 er
948 383 1152 441 nutrimen.
1685 365 1740 439 sm

128 508 500 580 boemmtonanatssuus,
511 505 637 563 noscero
651 503 802 561 Tricornensi
812 507 903 564 arcbi·
914 514 939 571 Α
952 508 1054 565 beinde
1067 507 1172 575 comiti,
1187 516 1242 562 tum
1258 506 1340 565 etiam
1352 505 1487 579 episcopis
1501 503 1542 562 sul
1553 503 1625 575 juris
1637 502 1744 559 deseras

127 607 255 679 episcopo,
268 600 394 657 minum.
950 599 1035 666 misit,
1056 597 1185 669 ndjtnrans
1204 612 1251 654 eos
1265 598 1339 653 omni
1357 597 1542 664 attestatione,
1564 606 1592 653 et
1610 610 1743 651 strema-

160 692 261 751 dratias
284 691 373 746 babeo
386 690 539 745 innumeras
552 703 617 759 qum
640 702 749 761 semper
769 690 900 748 obediens
947 690 1054 763 jestatis
1074 706 1107 747 ac
1122 690 1259 747 lidelitutis
1282 706 1342 747 reus
1364 704 1424 747 esse
1447 688 1603 745 instituens.
1629 686 1743 743 Scilicet

125 785 241 845 exstitisti
255 792 397 840 cosmetae
407 782 566 839 Ecdesiaein
579 783 740 839 mcessitate
756 783 900 842 subvenire
949 783 1088 851 comitem,
1108 782 1130 837 si
1153 792 1291 852 pateretur
1312 797 1361 837 uos
1381 781 1486 857 uspiam
1501 782 1545 837 nbi
1559 788 1660 852 posset,
1676 792 1742 835 eon·

125 896 171 953 pro
181 892 257 949 posse
269 885 297 933 et
309 878 436 933 sciretne
449 890 502 931 non
523 875 654 947 refugisti.
670 874 708 931 Te
719 876 804 949 igitur
818 878 900 935 raldo
949 872 1084 929 ventinula
1096 881 1124 928 et
1137 872 1214 943 qnasi
1227 872 1352 938 conicitis,
1365 872 1404 928 sic
1418 886 1450 925 ea
1463 886 1574 937 rucanas,
1588 870 1739 925 celebrare.

124 970 194 1026 robis
209 968 391 1025 necessarium
404 981 454 1037 pro
468 976 513 1023 tua
529 966 615 1037 ipsius
631 967 714 1023 etiam
736 970 900 1027 necessitate
949 965 1097 1037 Episcopos
1110 979 1175 1020 vero
1197 964 1218 1020 si
1243 964 1407 1019 interessent
1427 960 1472 1017 vel
1492 962 1592 1017 niustris
1615 960 1741 1017 inserent

123 1060 260 1133 apostolica
287 1061 451 1117 ancmutate
483 1074 629 1125 soesmus,
654 1070 684 1117 et
711 1076 760 1133 per
785 1072 812 1118 te
838 1071 900 1121 tuos
949 1060 1076 1122 decretis,
1100 1058 1245 1129 inquibus
1266 1056 1420 1113 nitebamur
1441 1056 1740 1127 splendoremcoronae

123 1154 298 1225 sudrsqarreus
311 1152 463 1223 episcopus,
479 1160 540 1208 tuos
555 1153 637 1209 ctiam
652 1152 775 1209 utiliores
784 1154 899 1212 clericos
949 1146 1008 1218 ejus
1019 1146 1173 1214 obfuscare,
1185 1156 1214 1202 et
1226 1146 1378 1218 principum
1391 1144 1465 1217 regni
1478 1142 1546 1213 ujus.
1559 1144 1598 1199 Ex
1611 1145 1662 1199 bac
1674 1158 1740 1215 erqo

123 1256 148 1303 et
166 1246 283 1312 abbates,
312 1246 347 1300 ad
367 1243 499 1317 synodum
520 1244 548 1299 in
570 1244 804 1315 Augustodunensi
831 1246 898 1303 eiri-

124 1346 171 1393 tate
181 1352 207 1392 rr
219 1336 281 1392 idus
304 1334 470 1408 septenbris
480 1334 670 1393 celebrandam
697 1336 790 1393 venire
803 1338 899 1409 preci·

122 1433 210 1503 pimus.
487 1498 513 1555 V

122 1591 252 1648 liturrell
288 1539 539 1662 oniosrciiepiscopi
546 1588 767 1662 Luquncnsisds
779 1591 899 1648 Ecclesia

153 1664 270 1733 Snndoeq
298 1663 350 1718 idir
367 1662 400 1719 de
413 1660 563 1730 cortellos,
581 1659 646 1718 dote
658 1664 816 1721 ntunnsteriu
830 1662 899 1721 Cutt-

152 1733 243 1789 clenti.

457 1802 551 1877 (ibid.)

949 1241 1113 1299 universitate
1135 1240 1237 1297 inimici
1259 1240 1382 1297 veritatis
1403 1238 1544 1295 audaciam
1567 1240 1639 1295 nacti
1662 1240 1741 1295 nobis

949 1335 1107 1403 insultandi,
1129 1351 1176 1391 eos
1197 1350 1265 1406 pene
1288 1341 1431 1389 traxerunt
1450 1332 1478 1387 in
1497 1332 1647 1398 sinistram,
1671 1346 1740 1401 qnos

949 1428 1154 1485 considerabam
1170 1437 1203 1485 ad
1214 1430 1366 1490 ueneram,
1380 1435 1408 1485 et
1422 1426 1558 1492 videbam,
1570 1434 1597 1481 et
1611 1441 1665 1481 non
1679 1435 1741 1481 erat

948 1523 995 1593 qui
1017 1532 1191 1591 cuprroseeret
1216 1534 1268 1578 rue.
1291 1520 1360 1577 Ecce
1374 1520 1446 1577 enim
1469 1520 1552 1590 pestis
1573 1527 1601 1575 et
1621 1518 1740 1573 dedecus

948 1622 1051 1671 sunctae
1065 1613 1192 1671 Ecclesiae
1207 1612 1425 1684 archiepiscopus
1435 1611 1612 1677 Turonensis,
1626 1620 1655 1667 et
1676 1625 1740 1667 cunt

948 1720 983 1762 eo
994 1706 1137 1777 episcopus
1150 1704 1330 1770 bledanensis,
1344 1704 1539 1775 superbissime
1556 1704 1676 1774 peruersi
1698 1713 1740 1759 to-

949 1805 1005 1853 tum
1019 1812 1087 1867 pene
1099 1806 1298 1867 occnpauernnt
1311 1795 1465 1851 crincilium.
1484 1794 1651 1853 Redonensis
1663 1810 1740 1849 nam·

31 3965 32 3968 Ἴ
114 3904 201 3963 cdlarii
212 3910 311 3981 scripsi
328 3920 357 3965 et
371 3910 529 3980 subscripsi.

149 1895 178 1950 ln
191 1894 298 1952 nomine
316 1904 417 1953 sancte
429 1890 616 1952 et'iadiridnre
628 1894 782 1953 Trinitatis.
800 1894 899 1953 Notum
915 1888 1003 1954 Billw
1015 1890 1206 1956 wmdlllbillss
1218 1897 1260 1944 0⁵⁸
1273 1888 1428 1959 reus,quin,
1441 1903 1493 1943 ⁰⁰¹¹
1510 1886 1585 1957 9¹5¹*ss
1597 1886 1738 1943 ⁰fdl¹¹i¹⁰³

122 1986 152 2043 stt
162 1986 281 2042 omnious
304 1995 408 2043 sancus
424 1984 474 2043 [tot
493 1986 622 2043 Ecclesia
635 1986 698 2044 otiis
717 1987 897 2059 pransoribus
948 1979 975 2035 in
996 1980 1136 2049 clericum,
1152 1981 1292 2037 ordinatus
1311 1988 1353 2037 est
1374 1980 1402 2035 in
1416 1980 1581 2051 episcopum,
1604 1978 1738 2049 promissa

31 2131 32 2134 ,
121 2077 331 2149 etiutnrisqund
354 2094 405 2151 eqo
432 2078 509 2136 lluno
534 2080 580 2163 bei
604 2080 691 2151 qratia
713 2078 898 2151 Lugdunensis
947 2075 1023 2145 prius
1038 2090 1072 2131 ac
1092 2075 1263 2145 postmodum
1279 2076 1342 2131 data
1362 2074 1436 2144 pallii
1451 2088 1536 2145 eappa
1554 2074 1589 2129 ab
1611 2074 1739 2143 episcopo

121 2168 328 2239 archiepiscopus
349 2168 422 2224 dono
435 2170 492 2226 lieo
508 2177 536 2225 et
550 2176 650 2225 sanctae
667 2168 725 2225 Fidi
737 2168 898 2225 dcconcbis
947 2168 1144 2239 dudeqauensi,
1159 2166 1311 2225 lledunensi
1329 2175 1418 2222 tamen
1433 2164 1499 2221 illud
1519 2166 1674 2232 nesciente;
1689 2166 1737 2221 sed

121 2266 146 2314 et
157 2257 249 2330 [ierom
270 2258 364 2315 abbati
377 2268 407 2315 et
418 2260 623 2317 successoribus
646 2258 705 2327 eins
721 2269 750 2315 et
768 2260 898 2317 iratribus
947 2258 1022 2313 aliud
1047 2266 1111 2313 ante
1133 2258 1331 2313 ordinationem
1356 2256 1519 2322 confitente,
1543 2255 1648 2313 seilicet
1673 2272 1737 2313 cum

121 2348 262 2412 nonasterii
277 2348 364 2418 ipsius
377 2350 520 2407 ecelesiam
545 2349 652 2407 Sancte
660 2350 735 2407 Fidis
746 2354 778 2407 de
792 2350 897 2408 Castel-
947 2364 1032 2420 eques
1049 2358 1122 2405 esset
1142 2350 1259 2421 equitem
1279 2349 1418 2405 inimicum
1435 2350 1468 2406 ab
1489 2364 1560 2419 equo
1576 2348 1692 2419 dejecit,
1709 2358 1738 2406 et

121 2438 171 2493 leto
187 2447 214 2494 et
231 2438 375 2495 ecclesiam
402 2440 494 2496 Sarmti
512 2440 631 2497 l'ietoris
655 2458 717 2497 cnm
737 2444 897 2512 appenditiis
947 2440 1027 2509 buius
1044 2438 1212 2497 Redonensis
1229 2442 1319 2496 socius
1333 2455 1417 2511 eques
1435 2438 1570 2509 deiectum
1590 2440 1665 2495 illum
1679 2440 1738 2494 rul-

118 2532 182 2596 suis,
192 2546 265 2601 quam
279 2532 425 2602 praeintam
436 2534 580 2590 ecelesiam
594 2534 778 2608 diuiditLiqer
788 2536 895 2605 bunius,
946 2546 1012 2587 nere
1025 2530 1157 2599 conludii,
1173 2531 1218 2600 (tul
1241 2546 1291 2602 tito
1307 2546 1339 2587 es
1361 2531 1511 2602 dejectione
1532 2538 1560 2587 el
1582 2529 1735 2587 subreleia

118 2622 273 2677 snbsnutali
293 2633 459 2681 ceusuocto
481 2624 639 2691 solidorum,
664 2641 778 2697 quornm
797 2629 897 2684 nudie-
947 2636 1062 2680 mortem
1085 2625 1223 2681 occubuit.
1250 2624 1306 2681 Nos
1331 2625 1413 2697 igitur
1436 2625 1582 2683 multorum
1607 2626 1736 2699 precibus

118 2723 158 2767 tas
179 2713 290 2769 solvetur
303 2715 495 2773 inolestiritate
515 2719 603 2774 saneti
628 2718 747 2785 llartiui,
767 2720 897 2778 medietas
946 2714 1082 2782 inclinati.
1105 2716 1224 2771 nondum
1244 2716 1396 2787 depositum
1420 2718 1468 2773 ⁸01¹
1491 2717 1598 2774 finierim
1621 2732 1737 2789 susten·

118 2821 176 2862 rero
192 2806 217 2862 in
227 2806 423 2865 Purilicatione
436 2818 538 2867 sancte
548 2810 638 2867 blaciae
649 2828 658 2876 ;
669 2812 783 2869 retentis
793 2813 896 2885 synodo
945 2821 1018 2871 sum,
1039 2806 1101 2877 qula
1122 2823 1177 2863 suus
1195 2807 1270 2864 utilis
1284 2817 1344 2865 erat
1358 2807 1495 2874 Ecclesiae,
1511 2817 1608 2865 vestre
1629 2808 1738 2865 miseri·

117 2902 247 2970 superatis
262 2903 416 2959 secundum
439 2919 543 2959 morem
570 2904 683 2959 aliarum
704 2905 894 2972 ecelesiarum,
945 2900 1046 2956 cordiae
1070 2900 1288 2969 presentandum
1313 2910 1341 2957 et
1364 2901 1539 2973 judicandum
1564 2900 1734 2973 reliquimus.

117 2992 292 3049 etobedientia
321 2994 472 3051 srbtnennn
490 3004 544 3049 min
559 2995 638 3052 nouis
652 3004 680 3051 ot
691 2998 895 3053 successorihus
945 2988 1113 3047 Turonensis
1125 3005 1190 3046 reru
1201 2993 1393 3063 comprobatus
1410 3002 1530 3049 estante
1548 2993 1735 3064 episcopatum

117 3084 205 3139 nostris
226 3101 309 3155 quarn
324 3094 353 3141 st
366 3087 611 3159 archipresbyteris
635 3089 746 3144 nostris,
758 3089 896 3148 nsquam
945 3080 1086 3137 decaniam
1104 3082 1217 3149 emisso,
1239 3096 1320 3153 qnam
1346 3096 1379 3137 en
1395 3082 1596 3139 consuetudine
1607 3084 1666 3155 ejus
1681 3084 1735 3143 lie·

118 3176 215 3234 donatio
236 3180 293 3235 lraec
323 3177 445 3250 Lugduni
474 3181 502 3235 in
526 3182 606 3237 donno
628 3190 719 3237 nostra
748 3181 893 3253 episcopali
945 3174 1035 3231 elesius
1049 3174 1101 3231 nisi
1115 3173 1227 3246 quijum
1242 3177 1369 3233 sacerdos
1383 3175 1487 3241 inisset,
1505 3176 1613 3247 reliam
1627 3178 1735 3233 lustuns

117 3267 216 3324 omitto
239 3270 438 3326 onorncornn
463 3280 627 3338 notorum,
652 3271 756 3329 stautai
785 3274 892 3340 noent,
945 3266 1074 3324 sacerdos
1088 3276 1169 3333 esset.
1188 3268 1469 3341 nansnnonposser.
1488 3270 1538 3327 llic
1554 3270 1734 3341 tgtnnnruro-

116 3356 196 3414 lrbeti
218 3361 420 3427 arcbidiaconi,
436 3359 527 3417 lerini
555 3362 684 3433 capellani
706 3364 803 3419 nostri.
817 3362 851 3419 tu
865 3374 896 3421 ut
944 3363 1037 3419 nensis
1050 3363 1123 3419 nullo
1137 3363 1216 3419 modo
1228 3364 1357 3421 canonice
1371 3363 1474 3421 electus
1495 3380 1549 3420 nou
1561 3364 1647 3435 potuit
1659 3366 1732 3421 obti-

116 3448 285 3509 lectionario
312 3452 391 3508 druna
409 3463 578 3525 permaneat,
598 3456 685 3527 sigillo
710 3457 819 3527 proprio
833 3458 894 3514 sub-
944 3468 1039 3510 nerea
1060 3470 1123 3527 reqe
1141 3454 1241 3512 donum
1256 3456 1436 3527 episcopatus,
1459 3457 1625 3528 usquedum
1649 3471 1733 3528 nepos

117 3552 153 3598 ter
163 3545 338 3615 signarinrus,
351 3556 379 3602 et
394 3548 507 3604 testibus
528 3548 758 3604 corrroborandam
781 3549 893 3619 tradidi·
943 3548 1022 3618 buius
1037 3549 1121 3620 ipsius
1137 3564 1186 3620 per
1204 3564 1330 3606 nummos
1342 3549 1482 3619 prelatum
1497 3550 1637 3606 decaniam
1650 3552 1733 3607 inerit

116 3650 174 3689 uus.
200 3636 226 3691 S.
250 3637 370 3692 bladini.
394 3635 423 3693 S.
442 3639 562 3694 orberti.
588 3637 618 3693 S.
631 3635 722 3692 lerini
748 3637 834 3694 (iniri.
859 3638 891 3693 S.
942 3644 1065 3711 adeptus.
1077 3640 1115 3697 lle
1128 3640 1242 3695 sinnonia
1257 3640 1338 3695 etiam
1353 3640 1433 3697 aliter
1445 3650 1588 3697 accusatus
1601 3650 1655 3707 est,
1667 3644 1733 3715 quia

116 3724 193 3782 lerini
208 3729 343 3797 capellani
360 3732 456 3784 riustri.
474 3731 503 3785 S.
519 3729 649 3801 llostagni
666 3728 767 3785 Feriot.
784 3728 813 3785 S.
826 3729 893 3784 Ful·
942 3733 1049 3787 cuidam
1072 3732 1149 3788 militi
1166 3734 1260 3789 silvam
1284 3733 1448 3804 promiserit,
1472 3734 1495 3789 si
1513 3748 1563 3804 pro
1575 3736 1733 3805 episcopatu

114 3816 232 3875 obuiis.
246 3820 405 3877 veraldis.
418 3820 671 3893 PonciiAEqolluqo
684 3821 718 3875 od
729 3821 815 3875 ricem
826 3835 891 3876 can·
941 3838 1001 3879 suun
1012 3825 1138 3893 juvisset.
1155 3823 1232 3891 Qtrod
1245 3840 1305 3879 cum
1320 3834 1411 3895 postea
1424 3824 1501 3880 miles
1516 3826 1565 3895 ipsi
1580 3826 1731 3897 improbas·

940 3924 982 3973 sct
1001 3916 1035 3989 [s.
1055 3917 1285 3988 improperassetl,
1304 3916 1505 3987 endugsncnsis
1524 3920 1666 3989 episcopus
1683 3920 1731 3975 nd-

31 4046 32 4096 }
473 4000 514 4059 Vl·
940 4010 1005 4074 init,
1027 4010 1072 4080 qni
1098 4010 1176 4065 nobis
1192 4026 1226 4065 ex
1242 4012 1336 4067 endem
1358 4011 1428 4067 clara
1455 4026 1520 4067 noce
1544 4013 1730 4069 testimonium

113 4084 148 4142 M
169 4085 323 4160 Gfssdllffm
353 4090 410 4145 W
435 4090 583 4175 poniificem
610 4088 769 4173 bellunum·
792 4120 826 4130 -·
850 4089 889 4145 ⁰⁶
940 4103 1085 4173 perbibuit.
1099 4102 1220 4175 Longum
1243 4111 1293 4167 est,
1308 4102 1398 4170 Pater,
1417 4118 1578 4160 enumerare
1592 4108 1685 4162 turbas
1702 4116 1730 4163 ct

310 4162 539 4232 ‘⁴¹‘9“⁸¹⁰‘¹¹‘'¹²'¹⁸¹
554 4162 675 4216 ΜΨ·
902 4200 906 4212 ’
939 4191 1091 4259 condictus,
1115 4208 1183 4263 qnos
1206 4202 1233 4249 et
1255 4202 1379 4265 quantos,
1404 4196 1541 4265 quomodo
1562 4204 1590 4251 et
1613 4196 1657 4252 nbi
1683 4198 1729 4255 bic

397 4252 487 4325 (ΔΜ)
500 4252 592 4357 {⁰⁷⁷4
939 4280 1105 4341 Turonensis
1118 4286 1197 4341 nubis
1208 4285 1338 4349 intulerit,
1355 4284 1499 4355 aliquando
1514 4300 1563 4357 pro
1575 4287 1729 4345 lledunensi

312 4343 418 4418 [Mansa
436 4343 548 4410 Consti..
561 4353 582 4400 t.
598 4344 671 4418 xib]

142 4450 202 4508 lide
213 4456 241 4509 in
252 4453 382 4526 Grequrio
399 4454 465 4525 itt,
481 4456 617 4529 Potroluq.
634 4466 654 4514 t.
668 4457 804 4515 excuti.

194 4637 235 4700 Ad
249 4638 384 4694 eumdem.
394 4666 430 4680 -··
441 4549 603 4696 bglcloncitio
617 4640 799 4698 uicensimo:

938 4390 1077 4445 nunqnam
1099 4376 1284 4432 ratiocinando
1306 4377 1352 4432 scd
1378 4390 1485 4447 semper
1503 4378 1658 4449 garriendo,
1680 4380 1729 4435 ali-

937 4469 1046 4539 qnando
1062 4486 1110 4541 pro
1122 4485 1152 4527 se
1165 4470 1366 4535 inclamitando,
1380 4486 1440 4525 cum
1453 4474 1525 4527 titoni
1540 4488 1649 4527 suornm
1663 4490 1726 4544 gnr-

899 4564 1048 4643 Drulitate
1061 4572 1089 4617 ct
1104 4562 1250 4631 impudenti
1264 4561 1376 4617 andacia
1390 4560 1562 4617 clericorum.
1583 4562 1649 4617 Nutu
1662 4565 1726 4618 dum

937 4653 1020 4708 etiarn
1043 4652 1275 4721 arehiepiscopum
1297 4650 1504 4721 Lugdunensem
1520 4668 1587 4723 pene
1608 4653 1728 4710 inilleete-

399 4730 487 4803 (⁸⁰⁰⁰
501 4732 592 4805 ¹⁰78·)
938 4753 998 4800 rent
1013 4744 1048 4799 od
1062 4744 1203 4799 tuitionem
1223 4759 1311 4809 suam,
1332 4746 1369 4799 ita
1392 4754 1422 4799 ut
1440 4761 1490 4815 pro
1512 4748 1552 4801 eis
1567 4755 1668 4811 oraret,
1684 4746 1727 4802 vel

307 4821 547 4897 idoneumque,
566 4835 585 4879 t.
600 4824 673 4899 xib]
937 4834 1139 4904 obloqueretur,
1164 4832 1268 4889 loribus
1291 4834 1412 4890 ecclesie
1436 4834 1555 4891 effractis
1578 4836 1727 4895 servientes

138 4908 243 4969 domim
265 4928 300 4969 ac
321 4914 428 4969 meritis
449 4914 528 4970 besto
550 4929 626 4986 papae
648 4916 797 4979 Grecomo,
809 4918 885 4973 llnoo
937 4940 1030 4981 eorum
1048 4926 1188 4981 securibus
1202 4936 1306 4981 arnusto
1322 4942 1402 4981 runnu
1417 4928 1594 4995 introeuntes,
1610 4928 1647 4983 ita
1661 4944 1728 4985 con-

108 4998 205 5061 bnmilis
215 5007 361 5078 presbyter
373 5006 555 5071 diensiumin
566 5006 681 5064 Domino
691 5008 747 5065 beo
758 5008 883 5065 salutem.
935 5015 1027 5069 cilium
1046 5030 1141 5084 unoquo
1157 5014 1272 5070 tumultu
1293 5018 1516 5083 exturbaverunt,
1538 5034 1591 5087 quo
1613 5018 1726 5076 tranum

136 5094 160 5152 ln
180 5102 306 5171 concilio,
329 5102 401 5172 quod
423 5101 542 5159 uncum
558 5103 738 5173 pergratiam
760 5103 805 5159 bei
821 5118 884 5159 enin
936 5104 967 5161 T.
994 5106 1020 5159 in
1045 5117 1159 5162 nuutem
1183 5108 1330 5172 dedissent,
1359 5109 1409 5163 nisi
1437 5108 1567 5165 Dominus
1594 5118 1623 5165 ut
1649 5122 1725 5165 scuto

107 5186 186 5257 aliquo
206 5192 299 5250 lrnctu
323 5193 531 5259 celebrarimus,
555 5191 640 5249 multa
665 5194 744 5249 nobis
764 5194 883 5263 pericula
935 5197 1013 5252 bonne
1030 5196 1175 5253 voluntatis
1185 5214 1241 5253 suus
1252 5209 1411 5255 coronasset
1423 5216 1495 5256 curru.
1518 5202 1555 5257 lta
1571 5202 1649 5257 nobis
1663 5218 1724 5257 cum

107 5279 173 5347 prinu
183 5282 209 5338 in
222 5284 330 5351 itinere,
345 5285 430 5340 multa
444 5284 523 5341 nobis
536 5286 650 5341 adversa
662 5286 688 5340 in
701 5286 759 5356 ipsa
774 5286 884 5341 ciuitate
935 5288 1071 5357 paucitate
1084 5304 1116 5342 ae
1128 5289 1261 5345 dedecore
1275 5289 1388 5356 relictis,
1404 5290 1571 5349 Turonensis
1586 5301 1613 5346 et
1627 5292 1725 5347 sutiru-

108 5377 157 5425 tnm
171 5373 196 5427 in
210 5376 336 5443 concilio,
354 5384 410 5431 tum
422 5384 497 5432 extra
510 5377 648 5433 exstitere.
665 5378 736 5433 Eece
747 5376 820 5432 enim
834 5392 883 5433 rex
934 5379 1014 5449 qnnei
1034 5377 1093 5449 ejus
1105 5395 1166 5434 cnm
1189 5382 1305 5452 superbo
1328 5383 1442 5438 turnultu
1457 5383 1608 5438 inordinate
1620 5392 1648 5437 et
1670 5397 1722 5436 nou

107 5454 263 5522 incorum
276 5468 431 5527 contrarius
444 5467 496 5523 sibi
508 5468 569 5537 ipsi,
581 5467 645 5537 quia
658 5467 812 5523 contrarius
825 5478 885 5523 erat
934 5470 1065 5525 carnonice
1086 5478 1269 5526 recesserunt.
1288 5472 1378 5527 Altera
1392 5472 1435 5527 die
1451 5472 1478 5526 in
1499 5470 1612 5525 ccclesia
1628 5470 1659 5524 ts.
1676 5470 1723 5525 lli-

107 5548 165 5625 Reqi
187 5560 259 5625 rteli,
281 5562 356 5617 misit
375 5560 479 5617 litteras
498 5562 616 5631 primum
638 5562 713 5628 mibi,
736 5562 764 5618 in
785 5563 884 5633 quibus
933 5562 993 5616 larii
1008 5561 1283 5617 initocuucilionnlla
1296 5562 1372 5623 nobis
1385 5562 1515 5631 promissa
1529 5561 1570 5615 vel
1581 5561 1722 5631 praetrrissa

107 5644 277 5705 confitebatur
288 5650 412 5716 bornino,
426 5649 562 5707 desiderio
575 5652 733 5708 desiderans
746 5669 777 5709 se
791 5655 883 5710 vocari
933 5651 1119 5707 satislactione
1132 5652 1166 5709 de
1180 5651 1289 5721 irrinria,
1306 5652 1401 5707 iterum
1416 5652 1499 5706 draco
1514 5652 1558 5708 illc
1580 5652 1723 5722 insurgens

106 5732 182 5800 fillum
195 5755 295 5807 tusum,
309 5751 338 5797 et
349 5757 412 5797 cum
424 5742 497 5796 omni
511 5742 594 5813 gloria
609 5751 637 5797 et
650 5743 754 5799 bonore
765 5745 883 5800 auctori·
935 5752 1061 5812 ltrrrquuut
1082 5742 1124 5797 leo
1140 5742 1249 5813 rugiens
1268 5757 1320 5797 uun
1337 5740 1423 5810 putuit
1436 5740 1524 5794 autliri
1538 5741 1655 5808 ‹liutins;
1674 5742 1722 5799 sed

107 5830 181 5882 tatem
202 5841 301 5889 nostrae
324 5833 468 5895 legationis
489 5832 730 5890 cuntmemlabilem
753 5834 880 5894 silicinus.
932 5844 1074 5891 exerentes
1095 5834 1212 5905 gladium
1236 5832 1356 5905 spiritns,
1373 5832 1443 5903 qnod
1460 5842 1502 5890 cst
1522 5848 1634 5889 neruum
1659 5830 1721 5905 tet,
