4017 6342
180 352 235 413 aar
649 347 1148 412 rurnrutruousrnxtnouo
1168 350 1364 411 otrarsrnm
1765 324 1825 409 tta*

179 470 269 537 lleclr,
282 474 384 527 atrium
395 470 452 524 tbat
465 464 587 538 perreuit
601 462 627 519 ln
639 460 798 535 AEggptum,
811 462 857 539 qni
870 464 976 522 tloscrta
991 472 1015 529 Α
1029 468 1146 539 primum
1159 464 1290 523 scrirriom
1313 468 1384 522 sient
1395 464 1420 520 el
1434 470 1599 536 preceptum
1626 462 1718 521 luerat
1735 465 1821 521 uenit.

178 572 261 619 terrac
277 563 379 619 intrare
394 566 487 619 rolens
506 566 532 617 el
556 555 684 624 transire,
698 559 827 631 cogitavit
837 560 909 628 qnod
928 574 975 631 pe·
1028 559 1075 615 ille
1090 574 1157 615 vero
1169 559 1214 630 qni
1229 558 1375 629 pecuniam
1387 556 1532 623 celarerat,
1543 556 1641 629 plenos
1654 556 1783 628 nequitie
1795 568 1824 616 ct

179 654 289 709 crunam
311 667 388 709 snam
417 656 444 709 in
469 652 586 723 AEgypto
608 651 768 716 dimitteret,
782 658 810 705 et
827 659 974 719 antequam
1026 649 1105 706 maiae
1128 650 1250 720 artis,nt
1274 649 1664 706 riditltomiucmrenientem
1678 653 1822 722 cnlpeeo·

179 744 318 800 dimittere
333 742 464 801 roloissct
475 742 681 815 interrogaritsi
689 741 787 814 aliquis
801 742 976 799 lldcllslromo
1025 746 1100 800 niam
1114 744 1260 813 celaverat,
1275 744 1374 801 timens
1394 758 1430 800 ne
1452 743 1476 799 si
1499 758 1643 814 pecnnmm
1658 745 1822 815 requireret,

178 844 254 889 essct
265 834 292 888 in
302 832 348 891 illa
362 836 472 907 regione
486 836 528 891 cni
542 842 634 906 posset
646 835 818 891 committere
830 835 975 905 pecuniam
1027 836 1235 907 aliosqoisnam
1246 834 1389 907 pecuniam
1401 833 1553 891 adducebat
1562 851 1614 891 nou
1625 835 1822 901 eornrnitterct,

178 935 305 990 suanr,ct
319 928 497 986 ostenderunt
514 928 539 983 cl
564 927 706 998 antiquom
723 927 861 983 lroruincrn
887 928 978 983 nonai·
1027 938 1120 984 eontra
1143 944 1206 986 eum
1233 930 1272 985 ita
1299 928 1417 985 diceudo
1442 930 1585 998 perrexit:
1605 926 1748 996 Oamice,
1775 928 1823 985 ubi

179 1026 274 1075 uatum
290 1020 427 1091 probitate
442 1018 593 1086 fidelitatis,
609 1020 653 1075 eui
669 1019 702 1076 de
723 1034 773 1075 sno
788 1018 861 1075 nulle
876 1018 975 1074 talenta
1027 1018 1102 1075 luisti
1112 1028 1140 1076 et
1150 1019 1194 1076 obi
1210 1019 1365 1077 diutinasti?
1379 1019 1446 1076 Veni
1462 1031 1490 1077 et
1500 1022 1592 1093 accipe
1604 1021 1746 1092 pecuniam
1761 1020 1823 1077 lidei

177 1111 327 1178 t'‘domisit,
344 1110 452 1167 demum
469 1109 601 1181 perrexit,
612 1107 845 1179 lactoqneitincre
856 1110 889 1164 ad
901 1107 975 1164 illum
1028 1126 1096 1168 nuere
1111 1112 1216 1183 jamdiu
1230 1116 1460 1180 commendatam,
1478 1114 1543 1185 qnia
1573 1114 1665 1170 inueni
1682 1124 1711 1169 et
1723 1111 1823 1169 amodo

180 1202 261 1261 rediit
275 1203 319 1259 cni
330 1202 471 1272 pecuniam
490 1200 637 1269 commisit,
654 1210 681 1257 et
705 1201 777 1271 qnod
803 1200 977 1257 commiserat
1029 1202 1110 1258 taedet
1123 1217 1167 1258 me
1178 1204 1326 1260 custodire.
1342 1204 1378 1259 dt
1389 1203 1435 1260 ilie
1446 1203 1526 1260 lactus
1547 1211 1576 1259 et
1587 1204 1709 1275 gaudens
1721 1200 1826 1271 reecpit

180 1296 216 1353 alr
227 1310 260 1353 eo
275 1294 408 1364 quaesiuit.
424 1293 459 1348 At
472 1292 515 1349 ille
530 1293 626 1363 pleuns
650 1292 780 1363 nequitiae
803 1290 877 1346 illum
897 1306 976 1346 noru-
1029 1295 1171 1363 pecuniam
1190 1299 1294 1365 gratias
1306 1310 1400 1365 agens.
1414 1294 1522 1361 Vetula,
1544 1304 1575 1349 nt
1602 1294 1671 1350 uidit
1685 1291 1824 1349 bominem

179 1400 261 1459 quom
274 1394 354 1443 antea
366 1401 396 1443 se
413 1384 641 1441 uidissedieebat.
657 1384 778 1439 llierero
798 1383 977 1454 sicdeccptns
1028 1386 1171 1453 pecuniam
1187 1401 1264 1442 snam
1286 1387 1398 1449 babere.
1412 1388 1532 1443 surrexit
1551 1396 1579 1443 et
1592 1386 1700 1457 inquit:
1721 1384 1824 1441 ibimus

179 1482 302 1553 perrexit
317 1478 466 1551 adprobas
488 1476 614 1535 homines
632 1476 750 1547 regionis
768 1476 851 1542 illius,
866 1483 894 1531 et
910 1490 977 1545 qun·
1028 1490 1079 1547 ego
1093 1486 1122 1531 et
1132 1477 1226 1533 socios
1251 1493 1328 1534 mens
1341 1488 1438 1535 contra
1453 1478 1569 1535 scrinios
1580 1486 1688 1534 nostros
1702 1486 1731 1532 ct
1748 1475 1825 1531 testi·

180 1570 262 1627 ruodo
275 1576 420 1625 tractasset
434 1584 496 1625 enm
518 1569 599 1623 lronto
613 1566 658 1622 ille
670 1566 713 1622 cni
738 1566 880 1635 pecaniam
900 1580 976 1620 com-
1029 1580 1096 1623 nare
1111 1568 1319 1639 praecipiemus3
1333 1578 1360 1624 tn
1375 1585 1442 1626 uero
1453 1577 1566 1639 expecta
1580 1569 1666 1625 donec
1678 1566 1823 1624 redeamus

181 1662 295 1717 iniserdl
308 1660 349 1715 eis
364 1659 465 1716 retulit.
481 1657 570 1715 Vicini
589 1672 654 1713 vero
667 1656 739 1712 illius
749 1656 783 1712 dd
800 1671 833 1712 do
845 1654 908 1711 lolia
927 1670 976 1709 att·
1029 1669 1057 1716 et
1068 1661 1138 1716 bene
1148 1675 1227 1716 serva
1239 1662 1311 1732 quod
1326 1660 1382 1730 jam
1394 1662 1565 1718 adduximus,
1582 1660 1628 1717 lile
1642 1670 1734 1716 partem
1745 1657 1823 1713 [eins

181 1752 286 1807 dientes
303 1746 640 1813 crederenoloernnt,sed
655 1746 723 1803 nibil
742 1746 794 1802 lroe
815 1760 877 1802 esse
900 1744 977 1799 diue·
1032 1750 1207 1821 animoqnod
1231 1761 1374 1823 acceperat
1395 1752 1525 1817 serravit,
1552 1752 1754 1820 adventuo-‚qne
1776 1762 1824 1805 eo-

181 1850 255 1897 rnnt.
268 1840 320 1910 in
332 1855 397 1897 roro
410 1838 552 1911 pecuniam
565 1838 730 1911 perdiderat,
745 1850 908 1908 unaquaque
933 1835 977 1890 die
993 1856 1016 1913 g
1030 1858 1100 1905 rom,
1116 1842 1188 1913 quod
1214 1842 1303 1898 adbuc
1323 1851 1424 1913 potest,
1447 1843 1612 1914 expectauit,
1636 1850 1663 1897 et
1690 1840 1728 1895 ita
1752 1839 1823 1896 botro

182 1932 217 1987 llll
228 1932 338 1987 domum
353 1930 424 1986 illius
437 1929 483 2001 qul
500 1929 635 1985 retinebitl
647 1928 744 1998 ittjttsltl
756 1928 898 1999 pecuniam
910 1926 975 1994 ibat,
1029 1931 1138 2003 ingenio
1156 1932 1254 1987 netulae
1269 1933 1373 1988 reddita
1389 1933 1441 1990 init
1456 1934 1515 1989 niro
1525 1948 1632 1988 sununs
1653 1930 1785 2002 pecuttlae·

181 2023 342 2094 tutandisque
355 2022 483 2094 precibus
504 2036 566 2077 enm
580 2020 778 2092 deprecabatur
793 2016 976 2090 ntpeeouiam
1063 2023 1244 2095 ptseiputus:
1267 2023 1341 2079 istud
1365 2026 1464 2080 nstrum
1488 2023 1541 2080 tuti
1564 2022 1703 2095 ingenium
1736 2031 1819 2091 atquo

181 2116 318 2185 aeonem,
336 2115 409 2187 qaut
437 2114 568 2185 decentor
589 2112 717 2179 audreas,
736 2109 887 2181 increpavit
914 2122 976 2165 eun
1027 2116 1114 2183 tritu,
1139 2132 1190 2173 nee
1213 2124 1279 2189 aare
1293 2116 1365 2187 qaeu
1386 2116 1484 2187 aliquis
1499 2114 1673 2188 plantaremus
1691 2114 1820 2170 suorum

182 2210 275 2266 diceus
286 2223 320 2264 ue
333 2207 447 2278 aruplius
462 2206 515 2262 tale
525 2205 589 2277 quid
603 2207 637 2262 de
647 2218 679 2259 eo
693 2204 796 2260 diceret
807 2201 851 2258 rel
862 2200 895 2257 ad
913 2214 976 2257 enm
1025 2208 1160 2280 cogitaret
1176 2221 1225 2278 per
1238 2207 1311 2279 qnod
1324 2206 1411 2262 letius
1425 2206 1469 2261 rir
1486 2221 1564 2262 snam
1579 2204 1726 2275 pecuniam
1738 2219 1820 2259 recn-

180 2302 298 2369 neniret,
311 2302 382 2372 qood
399 2300 421 2355 si
450 2299 563 2365 laceret,
578 2312 674 2371 poenas
692 2312 726 2353 ex
740 2296 838 2351 rnerito
861 2293 974 2350 subiret.
1028 2303 1148 2365 peraret.
1173 2294 1302 2365 Magister
1324 2312 1332 2347 :
1351 2294 1424 2351 Bene
1451 2302 1545 2366 posset
1568 2293 1748 2365 pbilosoplros
1766 2308 1818 2349 sno

181 2392 290 2449 Auditis
313 2392 393 2447 rrriuis
404 2390 477 2446 illins
490 2390 536 2461 qni
550 2405 611 2447 enm
627 2389 784 2459 deceperat,
796 2386 882 2443 tristis
894 2384 977 2455 coepit
1027 2382 1117 2441 iacere
1128 2384 1243 2441 naturali
1259 2384 1376 2457 ingenio.
1389 2385 1560 2457 lliscipnlns:
1573 2386 1630 2443 lloc
1640 2386 1710 2443 bene
1721 2386 1820 2454 eredo;

182 2484 282 2550 redire,
297 2484 362 2539 etin
374 2482 510 2541 redeundo
524 2482 757 2538 obrlaritcuidarn
772 2478 868 2536 retnlae
879 2477 977 2546 panaris
1027 2476 1110 2533 sedai
1124 2477 1241 2548 aliquem
1257 2478 1479 2551 pbilosophorum
1495 2479 1575 2551 bajus
1588 2480 1661 2535 modi
1673 2478 1821 2551 reposuisti

182 2574 387 2630 heremitalibus
397 2574 508 2630 indutor.
521 2572 586 2629 linc
596 2584 686 2629 antem
696 2570 793 2627 baculo
806 2584 856 2625 sno
868 2566 977 2640 lragiles
1028 2567 1055 2622 in
1068 2568 1158 2623 cordis¹
1169 2568 1326 2637 arrrrariolo,
1336 2567 1438 2643 largire
1453 2570 1520 2625 mibi
1535 2570 1676 2642 discipulo,
1685 2579 1713 2627 et
1725 2586 1777 2643 ego
1791 2571 1825 2625 ll·

181 2677 257 2722 artas
269 2666 449 2732 sustentabat,
464 2674 491 2722 et
506 2666 637 2735 peruiam
661 2663 796 2719 laudando
808 2662 891 2717 neum
907 2660 975 2729 lapi·
1027 2658 1078 2714 deli
1094 2662 1232 2717 memoriae
1246 2662 1490 2731 commendabant
1500 2664 1665 2737 quandoque
1679 2664 1823 2735 discipula

182 2760 229 2815 dos
241 2772 274 2827 ne
292 2759 490 2815 transeuntium
505 2755 764 2827 pedcslaederoutnr
776 2752 896 2810 locabat.
910 2750 976 2820 Quae
1026 2752 1097 2807 lacte
1121 2753 1300 2825 plrilosopbiae
1324 2756 1445 2813 erlrrcatis
1470 2756 1694 2813 delicatissimum
1727 2754 1823 2829 largiri

181 2852 278 2907 uiciens
291 2850 427 2907 laomineur
440 2848 559 2915 llcntem,
573 2847 699 2920 cognorit
712 2849 784 2917 {enm
805 2860 865 2901 esse
882 2852 974 2899 eutra-
1026 2847 1128 2918 possint
1141 2848 1312 2904 alimentum.
1328 2848 1466 2921 Magister.

144 2946 148 2953 '
182 2961 273 3003 neuun.
300 2945 441 3001 Commota
455 2944 556 3015 pictate
573 2946 600 2997 in
624 2940 796 3013 angiportum
820 2938 927 2995 narrarit
948 2945 975 2993 et
1311 2939 1448 2998 ruente
1468 2940 1539 2997 xlv.

182 3037 247 3108 qnid
261 3037 285 3093 ei
307 3037 453 3093 accidisset
464 3032 653 3107 interrogarit.
668 3032 761 3089 Atilio
775 3034 899 3090 ordinato
914 3046 975 3093 nar·
1062 3027 1183 3101 Contigit
1193 3031 1265 3100 quod
1279 3030 1389 3101 qnidam
1402 3032 1484 3089 lromo
1503 3032 1598 3088 lrabnit
1608 3030 1694 3086 ulium
1707 3030 1753 3086 coi
1763 3037 1825 3100 post

182 3128 263 3183 rasit.
279 3126 403 3182 Ftemina
422 3126 521 3183 auditis
532 3122 689 3194 rerblseins
702 3122 789 3194 inquit
804 3140 812 3179 ι
830 3124 935 3189 Amice,
951 3122 974 3177 ui
1026 3127 1140 3173 mortem
1155 3135 1233 3175 snam
1250 3120 1318 3175 uilril
1330 3131 1429 3193 praeter
1442 3122 1551 3177 domum
1566 3120 1679 3175 dimisit.
1696 3119 1751 3174 iste
1759 3134 1824 3174 cnm

183 3233 247 3274 tera
262 3225 324 3273 sum
338 3231 399 3288 qnae
420 3214 546 3283 retulisti,
563 3214 648 3271 leram
674 3214 723 3271 tibi
751 3215 814 3270 iude
832 3214 973 3269 auriliano.
989 3198 1012 3263 C
1027 3226 1125 3283 magno
1142 3211 1239 3273 ,labore
1260 3216 1368 3284 corpori
1394 3229 1444 3271 sno
1469 3214 1514 3269 rix
1538 3214 1704 3284 etiamque
1726 3220 1824 3270 aalma

183 3311 217 3367 nt
231 3309 275 3367 ille
291 3327 299 3367 a
316 3309 458 3379 Quomodo
468 3319 545 3381 potes
558 3308 609 3364 boc
632 3308 731 3370 lacere,
747 3305 844 3361 ancilla
859 3305 924 3361 lleil
942 3305 976 3359 at
1028 3304 1112 3375 erigit
1126 3305 1334 3374 suppeditabat,
1350 3313 1378 3361 et
1403 3315 1493 3361 tamen
1507 3304 1618 3362 domum
1631 3318 1731 3367 snam,
1758 3302 1824 3358 licet

185 3405 229 3461 illa
244 3404 331 3474 lnquit
344 3419 354 3459 a
368 3403 462 3459 balduc
477 3402 543 3459 milri
557 3402 696 3459 bominem
710 3402 743 3457 de
755 3411 826 3456 terra
841 3409 885 3457 tna
899 3400 976 3472 eujus
1027 3410 1125 3467 rnagrra
1145 3407 1257 3452 coactns
1283 3397 1393 3466 inedia,
1419 3397 1537 3454 rendere
1562 3395 1682 3452 nolebat.
1698 3394 1830 3451 Habebat

185 3496 262 3552 tmtis
276 3504 304 3550 et
321 3494 400 3551 dictis
415 3494 494 3551 iidem
516 3492 727 3565 baberepossis.
744 3493 779 3548 dt
797 3491 842 3549 ille
854 3492 973 3547 adduxit.
1027 3501 1117 3545 antem
1137 3498 1206 3560 puer
1226 3489 1277 3545 iste
1303 3490 1448 3560 quemdam
1473 3490 1592 3546 vicinum
1615 3488 1694 3546 ualde
1709 3488 1823 3544 divitem

185 3588 296 3642 Deultum
312 3585 417 3659 decepti
431 3586 505 3641 socio
518 3584 646 3656 pracepit
670 3584 762 3640 decern
784 3582 874 3641 coires
886 3592 977 3641 exter·
1027 3582 1073 3653 qtri
1087 3586 1196 3638 domum
1211 3597 1304 3638 ernere
1316 3583 1443 3654 cupiebat
1454 3594 1486 3638 ut
1501 3597 1579 3639 snam
1591 3582 1736 3654 largiorem
1749 3578 1824 3635 lace·

184 3678 227 3733 uis
242 3676 370 3747 pretiosis
381 3675 501 3746 depictos
512 3674 660 3741 coloribus,
671 3683 752 3747 atque
763 3673 836 3730 lerro
846 3674 977 3745 deargen-
1027 3682 1078 3729 ret.
1089 3674 1160 3730 Puer
1169 3683 1259 3729 antem
1275 3688 1325 3730 nce
1338 3688 1431 3744 prece,
1444 3690 1495 3732 nec.
1510 3675 1597 3746 pretio
1616 3673 1736 3728 rendere
1747 3670 1823 3726 role-

186 3776 244 3823 tato
258 3768 356 3839 ligatos
366 3782 428 3824 cnm
445 3766 523 3823 bouis
538 3767 607 3823 seris
621 3780 712 3823 canere
730 3775 758 3822 et
768 3766 801 3821 ad
813 3766 922 3821 domum
934 3766 976 3821 sni
1027 3767 1083 3823 bat.
1108 3765 1185 3835 Quod
1213 3776 1356 3838 postquam
1383 3768 1436 3824 iste
1461 3768 1537 3824 dines
1561 3767 1696 3836 comperit
1723 3765 1824 3836 quibos

185 3859 300 3931 lrospitis
313 3856 421 3924 afferre,
435 3858 623 3931 lapidibusque
650 3856 823 3913 comminutis
850 3856 974 3927 implere.
1027 3856 1143 3930 ingeniis
1157 3868 1185 3913 et
1196 3858 1294 3928 quibos
1303 3859 1409 3915 artibus
1426 3873 1511 3931 puero
1524 3857 1697 3914 subtraberet
1709 3860 1823 3913 domum

183 3959 219 4008 at
232 3952 289 4023 ipse
312 3950 350 4005 ita
363 3950 427 4023 egit.
442 3948 538 4007 llnlier
550 3964 615 4006 vcro
631 3958 660 4005 nt
674 3948 742 4005 vidit
755 3948 846 4004 omnia
858 3947 902 4003 illa
916 3962 976 4018 qnae
1028 3949 1188 4022 cogitabat;
1205 3958 1234 4006 at
1254 3951 1363 4021 juvenis
1380 3951 1529 4007 secondom
1545 3965 1626 4021 posse
1645 3966 1725 4006 sunm
1741 3950 1823 4004 iami-

182 4052 349 4114 praeeeperat
374 4056 434 4099 este
454 4051 558 4113 parata,
579 4041 637 4097 ait:
653 4038 732 4095 ilnno
745 4040 838 4095 decem
853 4038 977 4093 lromines
1029 4041 1176 4098 liaritatem
1194 4039 1254 4111 ejus
1264 4041 1403 4099 devitavit.
1419 4042 1540 4113 lienique
1554 4043 1733 4099 contristatas
1744 4041 1821 4097 diret

184 4136 312 4207 perquire
333 4135 379 4206 qul
404 4145 499 4192 cantes
512 4135 547 4191 ad
560 4135 669 4191 domem
685 4132 757 4191 illios
773 4133 818 4204 qni
833 4142 859 4189 te
871 4133 977 4205 decepit
1027 4132 1072 4189 ille
1094 4146 1176 4189 cansa
1200 4134 1297 4190 domne
1311 4141 1339 4191 et
1354 4132 1426 4204 quod
1441 4149 1494 4190 nou
1506 4143 1598 4204 posset
1615 4149 1732 4204 puerum
1746 4132 1825 4188 deci·

185 4238 325 4284 rtrecurnot
336 4244 397 4284 cnm
409 4230 483 4285 socio
499 4237 545 4283 too
559 4227 684 4284 delerant
697 4228 811 4284 scrinios
824 4240 894 4281 otrus
916 4233 976 4297 post
1028 4240 1114 4296 pere,
1135 4224 1254 4296 quadam
1270 4224 1313 4281 die
1325 4225 1400 4281 renit
1420 4224 1454 4280 ad
1467 4240 1582 4297 pueram
1593 4236 1622 4282 et
1635 4223 1760 4296 toqnitei
1774 4241 1783 4282 ι
1797 4220 1823 4279 (l

184 4319 267 4375 aliurn
280 4321 421 4377 renicutcs
434 4318 529 4376 ordine
546 4318 635 4392 longo,
656 4329 685 4376 et
703 4319 855 4391 quamcito
873 4318 977 4390 primus
1028 4334 1107 4390 puer,
1122 4317 1297 4376 accommoda
1313 4318 1380 4374 milri
1405 4320 1515 4391 panteni
1531 4334 1644 4391 parram
1667 4331 1723 4378 toas
1738 4320 1825 4378 corta

183 4418 288 4473 renerit
315 4417 349 4473 ad
376 4414 486 4473 demum
511 4414 628 4471 bominis
645 4416 691 4485 qni
718 4422 744 4471 tc
768 4415 874 4486 decepit
892 4424 919 4471 et
933 4430 977 4471 re·
1027 4410 1270 4483 pretio,qnoniam
1282 4411 1309 4466 in
1320 4425 1352 4466 ca
1367 4413 1417 4468 sub
1432 4420 1506 4469 terra
1522 4413 1617 4469 decem
1633 4412 1824 4470 tonelloscmta

183 4510 305 4579 quiescet
317 4508 364 4574 ibi,
379 4509 440 4563 reni
456 4517 484 4565 et
495 4508 630 4580 interroga
644 4507 798 4581 pecuniam,
813 4516 840 4563 et
854 4523 904 4579 ego
921 4518 975 4563 tam
994 4501 1089 4600 Doleo
1102 4502 1241 4559 custodire
1252 4502 1324 4570 nolo,
1340 4512 1368 4560 ct
1379 4504 1447 4559 nibil
1461 4503 1507 4560 tibi
1519 4506 1667 4569 nocebunt,
1677 4505 1725 4561 sed
1738 4504 1825 4561 babe-

184 4600 292 4659 couirdo
306 4602 332 4655 in
349 4600 434 4657 llenrn
453 4602 526 4673 qnod
537 4600 640 4657 reddita
656 4600 704 4656 tibi
724 4609 770 4657 tna
787 4599 901 4670 pecnnia
921 4600 979 4655 tue-
1029 4594 1073 4650 bis
1092 4594 1154 4649 inde
1165 4593 1274 4665 aliquod
1288 4603 1534 4652 sustentamentum
1556 4595 1629 4652 ritae.
1644 4596 1824 4659 narrantem

182 4692 230 4748 rit.
243 4692 345 4761 btipse
357 4690 436 4748 sicuti
448 4691 659 4763 rctolaJ'nsserat
668 4690 743 4757 iecit,
756 4706 816 4761 qoae
827 4707 879 4748 nou
893 4690 976 4747 oblita
1029 4688 1308 4743 coaetosueccssitatc
1317 4689 1452 4745 concessit
1461 4688 1570 4745 etdtullt
1581 4690 1605 4746 ci
1614 4687 1705 4746 clares
1713 4692 1822 4746 miore.

182 4783 285 4853 incepti
304 4786 376 4854 qnod
392 4792 567 4855 praeceperat,
581 4782 633 4837 iter
648 4782 748 4853 incepit
774 4792 801 4838 et
828 4782 901 4837 rcnit
915 4797 976 4838 curn
1028 4778 1141 4835 lureuis
1154 4794 1220 4835 rere
1244 4779 1342 4835 itcrom
1360 4797 1438 4837 nrore
1452 4782 1533 4837 solito
1551 4782 1647 4838 liberis
1672 4782 1823 4839 liberaliter

182 4876 257 4931 rocio
268 4875 372 4947 decelat
385 4874 419 4931 ad
443 4876 554 4931 donnum
579 4876 772 4946 deceptoriam
790 4875 876 4945 inquit
891 4894 897 4929 :
913 4874 978 4941 Qui·
1028 4868 1151 4925 scrtiens
1167 4870 1268 4926 rictum
1282 4872 1452 4942 perquisivit.
1461 4874 1496 4927 ut
1511 4874 1587 4930 dires
1603 4875 1686 4930 bonto
1700 4875 1824 4946 acceptis

183 4966 246 5021 clam
272 4966 398 5022 laomode
422 4967 557 5041 llgspania
580 4968 735 5039 lrospitatns
751 4982 856 5023 raecum
880 4965 930 5021 init
949 4976 978 5023 ct
1028 4962 1554 5037 claribnscnriamjnrenissuffuderas,
1573 4971 1695 5040 quinque
1709 4970 1825 5026 tonellos
1891 5012 1895 5017 .

184 5055 240 5111 uruit
265 5052 342 5111 ilcclr
359 5058 444 5123 adire,
470 5060 621 5128 qrucrltone
647 5066 726 5112 atttea
744 5058 885 5127 pecuniam
899 5072 975 5112 snarn
1027 5058 1121 5130 plenos
1133 5058 1193 5114 oleo
1206 5057 1241 5113 ibi
1253 5058 1438 5116 recondiditet
1451 5063 1570 5133 qniuqne
1584 5063 1722 5128 diuridios,
1732 5074 1759 5118 ct
1770 5062 1826 5119 boe

184 5162 245 5217 qum
264 5156 307 5203 est
321 5146 348 5201 in
370 5147 463 5204 decen
478 5150 588 5205 seriniis
603 5148 763 5205 seruandam
779 5149 859 5205 alicui
873 5150 975 5206 lrorniui
1027 5148 1233 5220 i'actojnrenem
1243 5151 1383 5206 advocarit
1393 5151 1537 5223 clavesque
1547 5153 1689 5208 domusilli
1699 5154 1826 5209 tribuens

184 5240 271 5295 dorico
286 5247 439 5295 reuertatur
465 5241 680 5298 commendare:
702 5256 798 5311 precor
825 5242 917 5313 itaque
947 5250 976 5296 nt
1027 5242 1134 5313 inquit:
1153 5242 1302 5314 Ojtrrenis,
1318 5244 1407 5299 oleurn
1422 5260 1512 5299 meum
1530 5246 1579 5300 tibi
1594 5247 1737 5301 corrrroitto
1750 5256 1777 5301 et
1792 5244 1838 5300 in'

184 5330 235 5387 tarci
251 5345 332 5387 catrsa
345 5330 371 5385 in
382 5330 495 5387 ardetna
508 5333 655 5399 custodias,
666 5341 693 5389 et
706 5332 768 5403 quia
779 5332 868 5398 andini
879 5342 905 5389 et
918 5333 976 5389 scio
1028 5342 1075 5390 tna
1100 5337 1224 5391 custodia
1250 5336 1337 5391 trado.
1360 5334 1471 5391 lareriis
1485 5336 1597 5408 simplex
1611 5347 1712 5409 putans
1725 5352 1825 5394 oannes

185 5428 211 5474 te
236 5419 336 5475 bonum
359 5419 498 5479 bominem
523 5429 553 5479 et
576 5422 844 5488 lidclemessc,uolo
858 5422 975 5493 aliquem
1027 5426 1140 5482 tonellos
1155 5442 1216 5484 esse
1238 5429 1342 5499 plenos,
1363 5430 1391 5483 in
1418 5430 1539 5485 custodia
1564 5430 1679 5499 reecpit.
1700 5433 1737 5485 At
1761 5440 1825 5501 post

183 5510 265 5569 :diunt
285 5522 385 5585 preter
403 5522 430 5572 te
443 5514 530 5573 solnm
545 5516 625 5589 burins
637 5516 760 5587 pecnnia
774 5518 976 5572 commendam·
1027 5519 1137 5589 longum
1163 5529 1269 5589 tertrpos
1290 5520 1406 5591 contigit
1432 5519 1504 5589 qnod
1521 5519 1547 5573 in
1568 5528 1641 5573 term
1665 5519 1710 5573 illa
1728 5520 1824 5575 olentn

183 5607 360 5663 rernadcsse.
382 5606 415 5663 Et
440 5608 504 5665 dnm
533 5608 571 5664 ita
595 5608 753 5679 loqueretur
772 5608 845 5663 rcuit
872 5610 976 5678 prinrns
1027 5626 1121 5666 earnm
1141 5611 1200 5666 luit.
1229 5613 1308 5668 [lires
1329 5612 1388 5667 bac
1411 5612 1524 5667 audiens
1549 5626 1635 5682 puero
1663 5614 1773 5683 inquit:
1796 5612 1825 5670 0

183 5696 308 5755 ‹lelereus
323 5701 464 5767 scrinulum,
477 5702 538 5759 aliis
554 5718 569 5757 a
590 5702 669 5773 longe
681 5701 882 5773 apparentibus.
903 5701 975 5759 lutc·
1027 5703 1123 5768 audeo,
1135 5702 1197 5758 reni
1208 5705 1308 5775 ctjrua
1319 5718 1363 5759 me
1373 5704 1461 5760 oleum
1473 5700 1669 5773 ellodereqnod
1683 5716 1737 5758 coar
1747 5704 1824 5775 janu-

184 5785 235 5842 rim
257 5790 385 5861 deeeptus
405 5802 602 5863 praceptorum
616 5792 711 5849 rctnlu
727 5808 779 5847 rron
792 5792 899 5851 oblitus.
915 5806 973 5865 post
1028 5794 1129 5849 dudum
1146 5797 1272 5852 nraudari
1286 5796 1424 5863 ctrstodiae,
1436 5806 1464 5853 et
1478 5794 1579 5853 laboris
1591 5796 1735 5865 ιιιιιιιιιῑιιιιι
1748 5797 1819 5851 acci·
