4017 6342
162 372 216 441 ter

773 382 961 443 DfSCif'Lho
981 384 1200 444 donnicatis.

163 498 255 551 miuus
281 494 382 553 domus
404 496 547 569 comperit,
570 496 691 554 suaviter
715 514 771 555 suae
799 499 876 555 tutori
901 501 960 555 aitz
976 503 999 560 h
1012 516 1128 571 persona
1140 502 1163 558 si
1177 500 1265 559 malus
1290 510 1365 559 esset
1388 500 1513 574 gentibus
1524 510 1553 559 et
1564 504 1693 561 crudelis.
1709 476 1809 567 lilius.

162 587 304 657 interroga
316 584 370 641 alta
385 598 452 641 roee
465 587 535 641 unde
548 587 621 641 verrit
633 586 698 643 tnihi
714 588 764 643 iste
776 596 830 642 taru
849 604 964 659 maguus
1016 589 1091 648 'fene
1100 601 1200 649 rectam
1212 594 1346 663 justitiam
1365 592 1438 648 inter
1451 594 1576 650 homines
1594 604 1623 651 ct
1645 597 1760 670 diligent
1771 613 1811 669 te,

164 690 262 733 census
275 689 358 747 quem
369 676 472 744 habea;
486 678 556 747 quod
575 687 673 733 utrem
694 680 765 735 scias
784 678 896 734 uurltmu
907 682 963 735 eiu·

163 767 242 824 bora.
257 764 336 822 'fune
357 768 414 839 ipsa
430 767 483 822 alta
499 784 567 824 unce
585 770 642 824 ait:
661 770 783 836 houtine,
806 773 876 827 uude
904 780 958 826 tatu

163 873 291 930 maguum
305 872 417 913 censum
434 859 551 914 habuisti
573 874 634 915 cum
650 875 796 929 numquam
824 871 959 917 atterrator

163 949 266 1007 fuerisf
279 951 315 1007 bt
328 952 374 1007 iile
389 967 397 1006 r
413 950 491 1019 Quod
506 949 577 1007 Detts
592 951 703 1007 dottavit
713 966 790 1006 serva
801 963 828 1006 et
842 952 883 1007 fae
896 952 958 1007 iude

162 1042 331 1099 voluntatem
348 1052 421 1098 tuavn
447 1052 474 1098 et
489 1057 541 1098 tren
567 1042 688 1112 inquiras
704 1042 776 1099 uude
794 1044 860 1098 milri
884 1052 957 1100 tanta

162 1136 278 1209 pecunia
305 1134 420 1191 uenerit.
443 1134 479 1189 uit
505 1134 564 1205 ipsa
576 1134 648 1189 sieut
676 1132 825 1203 injunctum
857 1134 957 1201 lucrat,

161 1228 248 1299 magis
259 1235 287 1282 et
300 1226 397 1295 magis
412 1234 443 1280 ut
465 1240 522 1282 rem
550 1224 634 1281 sciret
657 1224 815 1297 instigabat.
842 1224 955 1281 fletuum

161 1318 239 1390 quasi
251 1326 362 1374 coaetus
382 1318 508 1388 precihus
529 1319 622 1373 tatoris
637 1332 693 1373 suae
707 1317 795 1388 iuquit
808 1318 952 1374 dotuiuus:
1040 1366 1046 1377 ‚

160 1410 230 1468 tlhte
248 1426 282 1467 ue
293 1410 422 1481 cuiquam
446 1420 550 1466 secreta
566 1419 657 1466 nostra
673 1410 800 1479 tletegas;
818 1409 888 1466 latro
905 1409 954 1464 fui.

160 1502 196 1557 ht
210 1502 268 1571 ipsa
280 1501 337 1559 ait:
354 1500 451 1555 themu
466 1500 530 1555 ruihi
544 1501 652 1555 uidetur
670 1502 804 1570 quomodo
828 1510 882 1554 tam
899 1516 956 1556 ma·

161 1608 243 1664 guum
268 1608 379 1650 censum
403 1592 548 1648 latroeiuio
570 1593 712 1663 acquirere
734 1592 856 1663 potuisti,
882 1596 954 1664 quod

160 1704 308 1759 numquam
320 1688 473 1743 audiuimus
485 1687 632 1744 clamorem
645 1688 701 1742 siue
715 1686 834 1757 aliquam
849 1686 954 1743 culum-

160 1780 233 1837 niam
250 1780 321 1837 iude.
334 1780 438 1851 Atipse
455 1780 512 1835 ait:
527 1778 642 1848 Quidam
665 1780 795 1850 magister
813 1794 891 1835 meus
910 1794 953 1835 me

160 1888 270 1930 carmen
285 1872 396 1929 edocuit
409 1872 480 1945 quod
499 1870 622 1927 dicebam
644 1874 755 1941 quaudo
772 1870 953 1926 ascendebam
973 1858 994 1913 Β

159 1978 242 2035 super
265 1971 368 2019 tectum
394 1972 422 2019 et
448 1962 559 2019 v-euteus
577 1962 610 2017 ad
624 1961 769 2018 fenestram
786 1962 953 2032 accipiebam
1038 2006 1044 2018 .

159 2057 265 2113 radium
275 2054 433 2111 luuactvtautt
445 2067 472 2113 et
483 2072 593 2112 carmen
607 2069 696 2111 rneum
708 2056 808 2126 septies
819 2054 953 2121 dicebam,
1042 2098 1049 2111 .

159 2146 396 2213 scilicet,sauleut,
421 2148 500 2203 etita
523 2147 721 2204 descendebam
746 2146 806 2203 siue
821 2144 953 2217 periculo.

160 2240 295 2310 Quidquid
312 2242 462 2313 pretiosum
477 2241 650 2296 inveniebam
663 2240 689 2295 iu
703 2240 783 2295 domo
805 2238 954 2296 corrodens

158 2332 309 2389 sumebam.
326 2331 383 2389 fiee
405 2332 476 2388 facto
492 2332 589 2388 iterum
608 2332 642 2387 ad
662 2332 767 2387 radium
782 2329 852 2386 luae
863 2329 954 2385 ueuie·

157 2422 231 2487 bam,
248 2431 276 2479 et
286 2424 382 2480 eodem
397 2424 520 2480 carmine
530 2424 632 2495 septies
645 2422 735 2487 dieto,
748 2438 810 2480 cum
825 2422 953 2478 omuilrus

158 2516 184 2571 iu
204 2516 285 2571 domo
300 2516 415 2587 sumptis
435 2514 626 2581 ascendebam,
647 2523 674 2571 et
691 2514 763 2586 quod
787 2512 951 2571 sustuleram

157 2608 191 2665 atf
213 2608 359 2679 hospitium
373 2608 539 2665 deferebam.
563 2605 622 2663 Tali
643 2606 751 2679 ingenio
775 2606 847 2662 huuc
870 2620 950 2676 quem

156 2698 281 2767 possideo
295 2714 407 2754 censum
433 2696 529 2755 haheo.
542 2697 577 2753 ht
592 2696 690 2753 mulier
700 2697 738 2752 ait
753 2713 759 2751 :
781 2696 852 2752 Bene
864 2694 951 2751 feristi

157 2788 227 2859 quod
247 2788 390 2844 mihistlia
405 2788 509 2855 dixisti,
537 2805 600 2845 uam
626 2788 650 2845 si
676 2788 840 2860 quaudoque
866 2786 950 2842 filium

157 2880 288 2946 habuero,
301 2895 448 2952 nepmtpet·
462 2881 552 2953 degat,
579 2880 630 2936 hoc
655 2894 765 2936 carruen
788 2878 902 2935 docebo.
915 2880 951 2934 ht

156 2973 280 3029 dontinus
307 2972 418 3043 iuquit:
445 2972 576 3029 Perruitte
604 2988 648 3028 ute
676 2972 796 3028 dortuire
820 2971 949 3042 qttuuiam

155 3078 252 3119 sentum
267 3073 429 3134 aggravatus
441 3062 501 3121 rulo
512 3064 669 3135 quiescere.
686 3071 713 3118 et
730 3070 760 3115 ut
777 3062 864 3130 magis
877 3059 950 3115 deei-

154 3162 247 3223 μενοι,
270 3153 346 3224 qttasi
374 3152 513 3210 dorvuieus
539 3161 657 3211 stertere
684 3152 779 3223 cepit.
808 3150 949 3223 Perceptis

154 3243 270 3314 denique
289 3242 388 3299 talibus
415 3244 526 3311 uerbis,
555 3242 599 3299 fur
619 3244 683 3299 iude
697 3242 806 3315 gauisus
829 3251 857 3298 et
875 3241 948 3299 dieto

153 3335 254 3405 septies
266 3334 397 3403 cartulae,
415 3343 443 3390 ct
460 3344 568 3405 sumpto
586 3348 667 3389 uranu
684 3334 760 3388 radin
773 3332 858 3400 lune,
875 3330 949 3387 lusa·

154 3425 190 3481 tis
208 3426 333 3481 munibus
347 3434 376 3481 et
401 3424 515 3497 pedibus
543 3440 593 3497 per
614 3423 763 3481 fenestram
786 3423 812 3479 iu
827 3423 947 3491 domum,

153 3528 283 3585 siagrium
309 3515 413 3572 faeieus
441 3530 547 3585 sottum,
573 3514 673 3571 cecidit
686 3524 714 3571 et
733 3513 820 3570 fracto
831 3528 910 3569 crure
921 3522 949 3569 et

156 3606 271 3663 braeltio
300 3608 464 3679 congemuit.
488 3608 529 3664 ad
558 3606 683 3663 domiuus
698 3606 794 3661 domus
808 3603 884 3676 quasi
902 3618 948 3660 ue·

153 3700 242 3756 sciens
256 3700 344 3772 inquit
357 3719 365 3755 ε
379 3700 420 3757 Tu
438 3701 499 3772 quis
511 3716 542 3758 es
553 3702 597 3772 qui
614 3702 652 3757 ita
664 3700 803 3757 cecidisti?
815 3700 856 3755 td
884 3698 946 3754 haec

153 3792 225 3849 latro
240 3810 247 3849 a
264 3794 319 3866 Ego
330 3808 390 3851 sutu
414 3794 457 3851 ille
472 3794 516 3851 fur
529 3793 621 3851 iufelix
636 3792 682 3864 qui
703 3790 757 3849 tois
775 3790 879 3848 credidi
891 3789 946 3845 fal·

151 3884 257 3942 lucibus
269 3888 370 3943 vuvlris.

187 3977 228 4032 lid
250 3977 304 4033 hoc
327 3976 399 4034 filius
414 3996 421 4033 :
436 3976 528 4045 Pater,
557 3984 586 4033 tu
609 3973 792 4037 benedicaris,
817 3972 945 4045 quotriam

151 4068 245 4124 dolosa
277 4068 409 4128 edocuisti
425 4068 568 4126 meritare
590 4067 715 4125 consilia.
742 4064 943 4137 Philosophus:

150 4160 224 4217 (lare
249 4164 391 4219 consilium
419 4162 536 4218 azimum
562 4164 648 4220 doucc
676 4160 712 4217 sit
739 4158 943 4217 fermentatum.

151 4253 247 4309 Alius:
263 4252 303 4309 hle
317 4254 413 4311 credas
427 4253 570 4311 eonsilium
592 4253 727 4311 mouentis
740 4254 811 4323 quod
828 4252 945 4322 deneges

150 4344 265 4401 alterius
279 4345 451 4403 benefactum
466 4362 474 4412 ;
488 4346 533 4416 qui
547 4346 661 4415 denegat
676 4358 768 4399 corant
783 4342 868 4431 oculis
883 4357 944 4399 cer·

150 4438 241 4494 nentis
261 4439 354 4493 ornuia
366 4453 396 4494 se
409 4446 530 4495 accusat.
541 4437 637 4493 altus:
652 4434 680 4493 Si
699 4434 783 4491 fueris
810 4432 837 4489 iu
853 4434 944 4505 aliquo

148 4528 221 4585 butro
232 4544 267 4585 ue
279 4546 376 4601 pecces
391 4530 464 4597 iude,
480 4528 607 4600 quoniam
623 4526 772 4597 saepissime
859 4524 865 4537 '

149 4622 344 4677 cunturiuuitur
369 4622 469 4679 bonum
495 4621 537 4677 tel
564 4619 708 4675 amittitur.
733 4615 887 4686 Discipulos
908 4614 942 4671 ad

148 4714 309 4782 magistrum
323 4732 330 4769 z
342 4712 485 4769 l‘rohihuit
506 4710 685 4782 philosophus
710 4707 879 4765 henefactttru
896 4724 944 4763 ue·

146 4818 224 4875 gare.
239 4804 282 4861 hd
297 4806 349 4861 hoe
375 4806 504 4877 rtragister
518 4822 526 4859 a
541 4803 593 4873 Qui
619 4804 734 4873 denegat
757 4799 941 4868 benefactum,

147 4898 264 4968 denegat
276 4899 372 4965 Deum,
394 4908 421 4957 el
445 4898 546 4969 illcqui
569 4912 621 4952 non
643 4894 735 4951 obedit
755 4892 808 4964 regi
834 4892 940 4959 uictori,

145 4996 194 5044 est
217 4988 378 5045 inobediens
401 4990 466 5046 heu.
489 4986 661 5058 discipulus:
676 4983 794 5041 Ostende
814 4982 878 5037 tuihi
899 4996 942 5037 ra-

1015 698 1066 738 uee
1092 698 1221 755 properes
1244 684 1291 740 ulli
1309 685 1423 741 reddere
1444 696 1566 743 mutuum
1584 687 1647 743 boui
1664 691 1705 745 uel
1731 691 1808 755 mali,

1013 774 1075 844 quia
1087 776 1188 831 tlirvtius
1203 776 1358 849 expectabit
1373 786 1400 833 te
1412 778 1528 845 amicus,
1538 788 1567 835 et
1584 780 1685 837 diutius
1703 782 1810 839 timebit

1011 874 1040 921 te
1053 865 1191 922 iuimicus.

1280 978 1418 1036 hauoth
1441 981 1536 1039 Xlei.

1043 1088 1124 1147 Plato
1136 1100 1227 1146 retttht
1239 1092 1266 1147 in
1287 1089 1358 1146 libro
1372 1092 1408 1147 de
1434 1092 1588 1164 Pveplretiis
1603 1096 1676 1167 quod
1692 1098 1806 1168 quidam

1007 1196 1057 1237 rex
1078 1191 1137 1238 erat
1153 1184 1179 1236 iu
1207 1183 1311 1241 (tracta
1331 1186 1554 1255 senergeutibus
1581 1188 1708 1244 crudelis.
1738 1190 1808 1245 iluie

1009 1273 1096 1329 creuit
1120 1275 1267 1329 maximum
1280 1276 1400 1333 eutuhis
1423 1278 1549 1348 partibus
1563 1278 1675 1349 bellum,
1687 1280 1766 1353 cuins
1775 1293 1808 1339 ut

1008 1374 1090 1422 scatet
1103 1374 1241 1427 euentum,
1258 1367 1340 1423 totius
1360 1384 1416 1423 suar
1428 1370 1547 1439 regionis
1562 1379 1590 1424 et
1604 1370 1711 1426 vicinias
1725 1389 1802 1429 mau-

1007 1458 1084 1513 dauit
1098 1457 1285 1529 philosophos,
1308 1459 1407 1530 quibus
1430 1462 1602 1534 congregatis
1625 1463 1663 1519 ait
1684 1464 1805 1522 :Videte

1007 1548 1137 1620 quoniam
1160 1565 1288 1621 maguum
1317 1553 1383 1607 mibi
1405 1562 1433 1608 et
1453 1554 1667 1627 robisiugruat
1689 1557 1802 1627 bellum,

1006 1641 1079 1711 qaod
1094 1652 1206 1712 pmpter
1218 1658 1308 1699 meum
1330 1644 1414 1701 credo
1433 1646 1509 1701 robis
1519 1648 1629 1702 everrire
1643 1658 1806 1719 peceatum

1005 1730 1053 1787 sed
1067 1731 1091 1787 si
1107 1730 1209 1802 aliquid
1220 1740 1262 1789 est
1273 1734 1300 1789 iu
1316 1748 1361 1789 me
1378 1736 1451 1805 quod
1473 1736 1509 1793 sit
1538 1738 1806 1807 reprehendendum,

1008 1822 1091 1877 dicite
1108 1832 1137 1877 et
1150 1833 1242 1877 uestro
1252 1824 1354 1893 judicio
1370 1827 1506 1898 corrigere
1519 1827 1664 1886 festinabo.
1679 1830 1805 1887 Philoso-

1008 1913 1077 1984 phus
1092 1930 1100 1967 a
1118 1915 1155 1971 oe
1176 1916 1363 1973 criminalibus
1387 1918 1416 1973 in
1439 1934 1554 1988 corpore
1580 1930 1672 1977 uestro
1697 1922 1800 1978 nullum

1006 2019 1118 2071 scimus,
1133 2023 1183 2063 nce
1193 2008 1259 2076 quid
1272 2008 1351 2065 uobis
1366 2017 1395 2065 et
1410 2010 1486 2067 uel-is
1497 2022 1640 2067 venturum
1650 2013 1687 2071 sit
1700 2028 1802 2086 reguo·

1010 2112 1129 2166 serrutts;
1144 2100 1249 2158 sedhic
1267 2116 1352 2171 prope
1374 2103 1417 2157 uia
1443 2102 1525 2159 trium
1549 2105 1654 2161 dierum
1680 2118 1806 2163 moratur

1008 2187 1118 2257 quidam
1144 2188 1253 2259 sapiens
1281 2191 1364 2247 ltotne
1391 2192 1502 2249 nouriue
1525 2192 1673 2259 Marianus,
1690 2195 1736 2266 qui
1751 2210 1802 2265 per

1006 2275 1137 2347 Spiritum
1159 2287 1283 2335 caretum
1299 2278 1428 2349 loquitur.
1441 2281 1483 2336 ho
1498 2294 1560 2336 eum
1574 2297 1639 2352 ergo
1664 2282 1699 2339 de
1711 2284 1803 2353 pbilo-

1004 2369 1098 2439 sophis
1113 2371 1215 2427 uostris
1225 2370 1333 2441 aliquos
1343 2370 1441 2442 legate,
1462 2372 1521 2443 ipse
1540 2372 1617 2429 vobis
1631 2373 1658 2427 in
1672 2382 1728 2429 tota
1743 2376 1801 2432 rita

1006 2472 1101 2519 vestra
1116 2462 1181 2533 quid
1195 2472 1340 2519 relaturum
1351 2464 1388 2519 sit
1400 2480 1449 2537 per
1461 2480 1508 2523 eos
1520 2465 1680 2522 declarabit.
1696 2466 1744 2523 llis
1762 2467 1802 2525 ita

1002 2556 1124 2625 peractis
1130 2566 1236 2626 septem
1257 2555 1433 2625 philosophos
1446 2558 1479 2611 ari
1492 2572 1554 2613 eum
1568 2558 1652 2623 misit,
1667 2558 1713 2629 qui
1727 2567 1802 2629 post-

1003 2659 1086 2715 quam
1100 2646 1146 2702 uhi
1161 2646 1335 2703 habitaverat
1351 2647 1536 2715 intraverunt,
1550 2648 1646 2705 urbem
1664 2650 1802 2707 desertam

1002 2739 1075 2795 illius
1089 2739 1236 2795 maximam
1260 2738 1391 2797 inuenere
1405 2750 1511 2810 partem
1523 2756 1534 2807 ,·
1547 2740 1662 2798 sediliis
1675 2756 1802 2813 quaereu-

1006 2832 1080 2888 tibus
1105 2831 1252 2902 hospitium
1280 2831 1405 2901 ilariani,
1428 2832 1529 2887 dietum
1545 2832 1597 2889 fuit
1615 2834 1689 2903 quud
1702 2834 1801 2904 ipseet

1001 2922 1079 2980 multi
1094 2922 1296 2980 demtrciribus
1311 2924 1443 2995 petissent
1456 2925 1610 2982 heremum.
1624 2925 1688 2983 istts
1698 2926 1801 2983 auditis

1000 3022 1180 3083 perrexerunt
1193 3011 1227 3067 ad
1248 3025 1323 3069 euru.
1345 3013 1420 3082 Qrtos
1432 3022 1463 3069 ut
1481 3015 1550 3070 uidit
1568 3016 1691 3085 sapiens,
1703 3016 1774 3073 dixit
1788 3034 1800 3073 a

1000 3102 1108 3169 Venite,
1126 3104 1226 3169 uenite,
1241 3103 1322 3176 legati
1343 3104 1417 3175 regis
1431 3105 1623 3163 inobedientis.
1640 3106 1711 3165 Deus
1723 3109 1800 3165 euim

961 3188 1028 3264 giu
1040 3188 1163 3245 custodia
1187 3189 1214 3245 ei
1231 3190 1355 3245 diuersas
1380 3190 1507 3247 rtatioues
1532 3192 1662 3259 subdidit,
1678 3207 1798 3263 quarum

999 3296 1054 3337 non
1070 3290 1161 3337 rectus
1173 3280 1341 3355 gubernator
1352 3282 1400 3339 sed
1412 3282 1526 3340 imunitis
1536 3285 1639 3339 extitit.
1659 3284 1732 3340 fleus
1749 3284 1798 3356 qui

999 3372 1075 3429 illum
1100 3384 1128 3431 et
1146 3372 1220 3429 illius
1238 3374 1363 3431 subditos
1382 3374 1417 3432 de
1439 3376 1536 3433 eadem
1558 3380 1672 3432 utateria
1691 3376 1798 3433 errauit

998 3462 1057 3533 ejus
1067 3465 1273 3521 immoderatam
1286 3466 1331 3521 diu
1344 3480 1440 3538 passus
1451 3466 1603 3536 nequitiam
1627 3465 1799 3524 multimodis

999 3558 1218 3615 correctionibus
1230 3568 1261 3615 ut
1269 3569 1442 3615 converteret
1449 3559 1611 3626 ammonuit,
1621 3560 1669 3615 sed
1677 3560 1799 3617 tamdem

998 3648 1033 3704 ad
1049 3650 1155 3705 malum
1180 3650 1239 3721 ejus
1254 3651 1282 3707 in
1304 3651 1378 3708 illius
1389 3666 1483 3707 necem
1498 3650 1718 3709 inmisericordes
1731 3653 1797 3708 bar·

997 3738 1078 3797 baras
1093 3741 1235 3797 suscitavit
1254 3751 1351 3813 gentes
1365 3752 1414 3799 :et
1428 3742 1481 3799 hee
1493 3742 1568 3799 dieto
1579 3744 1667 3801 taetrit
1678 3744 1791 3813 sapiens

996 3828 1089 3885 borno.
1104 3829 1180 3897 Quod
1192 3829 1334 3887 audientes
1355 3830 1508 3903 philosophi
1523 3832 1694 3890 mirabantur
1708 3836 1797 3906 etqui

997 3921 1251 3978 aderuntuuirersi.
1272 3922 1320 3977 ilie
1343 3938 1410 3979 uero
1434 3925 1514 3978 tertia
1539 3925 1707 3997 philosophis
1721 3942 1798 3997 qne·

996 4012 1120 4070 ventibus
1140 4013 1245 4069 licitum
1260 4014 1435 4083 repatriandi,
1457 4016 1621 4073 reuerendus
1637 4018 1682 4075 ille
1703 4019 1796 4089 philo·

996 4105 1109 4176 sophico
1122 4104 1220 4175 spirita
1232 4104 1318 4160 dixit:
1334 4104 1514 4161 Reuertinriui
1528 4107 1657 4177 quoruiaut
1670 4118 1797 4165 mortuus

995 4204 1038 4253 est
1059 4196 1186 4253 domiuus
1204 4204 1306 4261 uester,
1326 4205 1354 4251 et
1377 4194 1449 4251 oeus
1460 4194 1517 4264 jam
1534 4212 1634 4253 aarum
1646 4212 1737 4267 regem
1755 4197 1793 4253 ihi

995 4289 1085 4361 posuit
1097 4289 1143 4360 qui
1169 4288 1207 4343 sit
1220 4297 1312 4344 rectus
1327 4288 1494 4359 gubernator
1520 4296 1548 4344 et
1574 4288 1649 4344 ruitis
1665 4290 1793 4360 gentibus

994 4380 1121 4437 subditis·
1142 4378 1250 4435 Auditis
1278 4377 1377 4435 talibus
1399 4378 1555 4450 philosophi
1580 4380 1627 4451 qui
1648 4388 1793 4448 vetuerant,

995 4473 1082 4529 tribus
1091 4488 1153 4529 eum
1165 4471 1296 4542 predicto
1311 4472 1434 4542 sapiente
1447 4470 1661 4537 remanentibus,
1673 4480 1795 4540 quatuor

793 4540 941 4579 ¹¹¹³¹¹¹¹¹⁰¹¹¹
957 4548 981 4609 D
995 4566 1214 4634 repatriaverunt
1229 4562 1276 4636 qui
1291 4563 1424 4619 enutriant
1439 4564 1481 4621 eis
1491 4564 1593 4620 dictum
1611 4561 1701 4619 luerat
1725 4578 1792 4620 rere

993 4668 1021 4715 et
1031 4660 1178 4715 constituta
1192 4659 1365 4717 inuenerunt.

1027 4750 1115 4807 Arabs
1125 4750 1195 4807 dixit
1211 4750 1267 4807 lilio
1281 4768 1330 4809 suo
1345 4750 1402 4809 :Ne
1413 4753 1528 4811 moreris
1546 4752 1697 4809 incivitate
1717 4754 1790 4825 regis

992 4844 1119 4917 dispensa
1128 4843 1207 4916 cujus
1218 4846 1273 4901 erit
1287 4845 1375 4915 major
1392 4860 1475 4916 quam
1495 4846 1626 4903 redditus.

1258 4953 1397 5011 husoth
1418 4954 1514 5012 tttttv.

144 5080 251 5137 tionem
265 5080 402 5153 quorumlo
419 5081 539 5137 heeesse
553 5078 649 5149 possit.
674 5072 801 5145 blagister
813 5088 820 5127 a
833 5070 940 5127 Nullum
1027 5066 1134 5125 llietum
1154 5081 1272 5139 namque
1297 5077 1341 5124 cst
1361 5066 1433 5140 quod
1458 5070 1569 5140 quidam
1600 5084 1650 5125 rex
1676 5085 1789 5125 snorum

142 5173 321 5231 benefactum
335 5174 457 5247 procedit
470 5172 503 5229 de
516 5178 640 5228 creatura
660 5168 694 5223 ad
721 5171 873 5221 creaturam
889 5164 939 5219 uisi
991 5160 1130 5216 communi
1155 5174 1267 5217 asseusu
1290 5174 1434 5231 pracerum
1457 5163 1565 5218 curidum
1591 5174 1642 5217 suo
1660 5160 1785 5216 familiari

141 5280 183 5320 cx
199 5264 253 5321 oen
265 5265 405 5335 procedat,
425 5272 453 5320 et
470 5262 507 5319 illi
522 5261 568 5332 qui
593 5260 727 5331 thuregum
742 5253 939 5320 hettefuetores,
990 5265 1072 5321 quem
1084 5259 1163 5307 antea
1180 5262 1347 5325 cogitaverat
1369 5253 1396 5312 iu
1413 5253 1585 5311 secularibus
1597 5251 1786 5322 esseprudeu-

140 5368 174 5411 et
194 5365 228 5411 tta
239 5355 482 5428 dertegantfleum.
500 5352 577 5409 dilus
591 5371 597 5407 :
613 5348 724 5406 Custodi
742 5356 794 5403 tea
811 5360 873 5415 rege
895 5344 941 5400 illo
993 5352 1047 5397 tent
1062 5342 1145 5398 totius
1159 5344 1235 5415 regui
1258 5344 1395 5401 commisit
1414 5344 1545 5412 habenas,
1567 5344 1613 5415 qui
1636 5341 1788 5413 prouinciae

140 5448 194 5519 qui
204 5448 281 5505 ferus
294 5457 337 5505 est
351 5456 381 5503 ut
394 5446 447 5514 leo,
463 5446 507 5503 eui
526 5456 568 5501 est
582 5442 649 5500 leuis
673 5441 781 5497 animus
805 5446 835 5493 ut
861 5451 939 5507 puer.
993 5436 1117 5493 redditus
1131 5438 1283 5507 susciperet
1294 5446 1323 5493 et
1333 5452 1431 5493 causas
1445 5447 1585 5495 tractaret.
1598 5432 1786 5504 Cuiusfuater.

137 5540 243 5595 Alius:
256 5537 421 5609 Quintilem
443 5537 510 5593 dicit
525 5538 557 5593 de
570 5549 645 5607 rege,
657 5540 720 5588 aute
740 5538 847 5599 tempus
861 5540 939 5583 suum
991 5527 1106 5586 alterius
1121 5529 1199 5599 regni
1227 5528 1303 5585 dites
1323 5540 1470 5598 mereator,
1496 5539 1628 5586 mutuorum
1649 5524 1785 5582 iueolehat

137 5634 290 5693 nutrietur.
307 5634 386 5691 Alius
402 5648 409 5687 ε
425 5632 530 5690 Diutius
558 5631 658 5687 durare
685 5626 788 5699 patitur
810 5622 881 5680 fleus
895 5636 939 5679 re·
991 5622 1139 5688 ciuitatem,
1153 5620 1200 5693 qui
1214 5631 1344 5693 percepto
1356 5622 1390 5678 de
1406 5621 1500 5677 fratris
1526 5616 1718 5675 sublimatione
1731 5628 1784 5685 pu·

133 5744 225 5801 gnum
248 5727 323 5799 regis
339 5726 366 5781 iu
385 5740 433 5782 sua
457 5740 570 5795 persona
591 5721 728 5785 ueceautis
747 5718 770 5775 si
790 5718 877 5774 bouus
905 5716 940 5773 sit
992 5713 1192 5771 ratocemitatu
1221 5720 1303 5785 purrtt
1326 5714 1417 5770 decuit
1429 5724 1461 5768 ut
1472 5712 1585 5767 fratrem
1609 5709 1710 5763 viseret
1731 5706 1786 5759 iter

129 5824 270 5895 30¹1,pr
287 5832 313 5881 et
333 5818 419 5887 quiuis,
449 5834 529 5891 uptam
555 5816 654 5873 iaceret
668 5816 741 5888 justo
763 5813 816 5885 regi
846 5811 872 5866 iu
890 5824 939 5867 sua
991 5807 1102 5879 iuerpit,
1116 5806 1258 5881 petaurista
1269 5804 1376 5864 taudem
1397 5805 1496 5864 uuneio
1511 5798 1784 5861 uesubitnsautim-
