4017 6342
802 278 1021 390 Wcansnr
1039 333 1187 396 sanans
1207 335 1236 394 s.
1257 335 1371 395 onnon

233 358 305 423 irc
757 407 833 468 ,m

239 483 304 552 nula
335 481 491 549 potestatem
511 453 645 522 dtrtnttns
677 414 757 487 ΨΜ
889 450 1118 514 sacerdotibusd
1471 467 1581 510 nlntio·

243 570 351 627 ΜΨ,
362 567 463 621 potone,
474 558 565 628 Neque
577 552 644 604 rere
664 533 714 596 0b⁰
734 513 779 614 ⁵¹³⁸
801 521 977 610 Fslorrros
1002 552 1078 615 pote·
1163 539 1319 598 Notandum
1344 555 1454 612 quoque
1480 551 1573 599 estet
1601 543 1669 599 illud
1699 545 1774 615 quod
1798 545 1913 608 cretton

247 671 345 718 mm
368 651 517 710 ,pmqqfflqp
538 642 649 718 peecata
672 614 773 678 lliiiffl’
801 609 889 680 ’ΠΕ
922 633 1078 692 bominibus
1132 654 1141 688 ι
1173 634 1343 706 Quocunque
1378 635 1446 690 lrora
1483 636 1649 707 ingemuerit
1682 646 1818 708 peccator,
1837 644 1914 701 salvus

253 759 410 820 potestatem
424 745 541 797 diuinam
556 730 651 792 tribuit
673 709 721 789 qni
761 713 775 752 ⁰·
823 719 1078 786 'nmindmsdeos
1128 727 1181 782 erit
1203 727 1310 797 (Eteri.
1327 727 1416 796 xrrn).
1441 726 1523 799 »Ego
1547 729 1581 784 de
1604 729 1648 783 bis
1668 730 1805 800 praecipue
1826 734 1913 792 dictum

257 839 331 893 iacit.
346 837 400 890 Sed
421 844 511 888 tamen
525 831 581 899 ipse
595 825 666 880 sient
679 825 713 866 et
730 799 914 878 semetipso
937 820 1007 876 beas
1026 832 1078 890 est,
1129 819 1247 884 aestimo,
1259 819 1305 888 qui
1326 827 1411 874 totam
1429 819 1513 874 vitam
1530 836 1609 875 suam
1632 822 1660 875 in
1677 825 1796 892 pcccatis
1808 837 1914 898 agentes,

259 931 298 985 ita
312 930 391 982 etam
406 941 452 994 per
468 922 642 990 semetipsum
662 897 771 980 qnando
781 895 862 956 rltlt
882 913 944 966 sine
959 913 1078 968 bumana
1130 909 1157 964 in
1169 911 1221 966 inre
1233 911 1481 980 poerritcnt‚ettnnc
1491 923 1657 982 peceatasua
1671 913 1811 980 deserunt,
1821 921 1915 987 quando

263 1015 452 1084 cooperatione
476 1021 584 1082 peccata
606 1003 742 1061 dimittere
756 993 874 1062 ιιθὶθδῑ.
895 1000 927 1058 lli
945 1019 1010 1058 nero
1032 1005 1079 1075 qui
1127 999 1184 1071 jam
1201 1003 1227 1055 in
1247 1003 1298 1058 bac
1322 1005 1377 1058 rita
1396 1014 1505 1074 tempus
1531 1005 1730 1062 satisfactionis
1754 1009 1849 1065 babere
1870 1029 1913 1072 noo

265 1119 300 1159 ex
315 1103 471 1172 semetipsis
485 1102 522 1156 dii
538 1116 594 1154 non
613 1107 694 1160 sunt,
712 1088 751 1146 ilii
766 1081 861 1144 etiem
879 1095 935 1150 nisi
948 1112 981 1150 eo
995 1113 1010 1150 a
1024 1111 1080 1166 quo
1131 1103 1254 1164 possunt.
1269 1094 1374 1161 Quibus
1389 1096 1499 1163 dieitur,
1519 1111 1553 1152 nc
1568 1107 1660 1152 tamen
1676 1099 1732 1153 ullo
1747 1101 1826 1156 modo
1839 1103 1913 1161 dere·

268 1205 334 1250 srrnt
353 1195 406 1248 troc
425 1194 498 1263 qnod
522 1202 597 1254 sunt,
610 1191 638 1244 in
657 1189 697 1244 eis
715 1192 743 1240 et
755 1194 802 1252 per
815 1193 876 1240 eos
898 1198 1038 1258 opstante,
1054 1195 1080 1243 et
1131 1183 1176 1237 nin
1192 1184 1345 1253 desperent,
1362 1186 1427 1255 quia
1445 1194 1473 1240 et
1495 1195 1560 1242 tunc
1580 1204 1693 1259 quoque
1712 1189 1735 1244 si
1761 1207 1821 1246 rere
1839 1196 1913 1264 peni·

271 1287 314 1340 eis
326 1294 499 1354 cooperante,
512 1291 623 1352 peccata
635 1279 771 1336 dimittere
784 1289 842 1328 nnn
859 1289 987 1348 possunt.
1000 1279 1079 1347 Quod
1130 1277 1242 1340 tuerint,
1267 1278 1484 1333 inisericordiam
1508 1280 1642 1349 consequi
1667 1282 1769 1337 valent.
1791 1281 1844 1340 noe
1868 1297 1911 1354 est,

269 1393 341 1448 ergo
354 1378 431 1432 solus
447 1375 518 1430 bens
534 1376 685 1439 cstbonns,
702 1387 753 1426 nec
767 1379 862 1425 tamen
878 1373 940 1428 inde
955 1374 1080 1443 sequitur
1130 1382 1294 1438 mittentique
1314 1369 1392 1433 itere,
1415 1371 1520 1426 scilicet
1538 1371 1623 1425 etiam
1647 1373 1674 1426 in
1690 1374 1827 1441 extremis,
1842 1377 1910 1433 etiam

274 1469 365 1523 bonos
383 1485 437 1522 non
453 1483 515 1523 csse
529 1469 611 1522 etiam
625 1482 673 1522 eos
683 1466 748 1536 qnia
761 1462 882 1519 Domino
904 1467 1038 1531 seruiunt,
1053 1475 1080 1521 et
1131 1459 1158 1514 in
1175 1459 1291 1515 articulo
1306 1462 1487 1528 necessitatis,
1503 1464 1525 1518 si
1543 1473 1672 1534 peccator
1688 1466 1853 1536 ingemuerit,
1867 1469 1910 1526 hoc
1992 1519 1993 1542 ,

276 1563 350 1632 quod
366 1562 443 1616 solus
461 1560 534 1614 bens
552 1560 686 1614 mirabilia
705 1556 770 1613 lacit
785 1555 876 1626 (Psoi.
892 1560 978 1626 xxm),
994 1567 1021 1612 et
1036 1567 1078 1613 ta·
1130 1561 1183 1619 est,
1199 1569 1232 1608 ex
1245 1563 1302 1608 tota
1318 1555 1408 1610 curilis
1422 1556 1586 1610 contritione
1603 1571 1754 1612 conversus
1767 1555 1849 1622 inerit,
1863 1561 1909 1614 sal·
1992 1551 1993 1596 3

277 1648 950 1722 mendejustohorninedieitur:‹Fecitenim
968 1649 1080 1704 mirabi-
1130 1659 1181 1698 rus
1195 1644 1257 1710 erit,
1269 1646 1304 1700 ab
1318 1653 1418 1702 aetcrna
1435 1647 1540 1702 scilicet
1552 1647 1742 1703 damnatione.
1762 1648 1836 1716 Quasi
1855 1653 1909 1707 aliis

277 1741 317 1799 lia
336 1744 363 1798 in
379 1744 433 1797 rita
449 1759 498 1798 sna
516 1742 613 1812 (Ereti.
631 1743 718 1808 xxxx),
737 1760 747 1793 ι
765 1741 802 1794 ita
817 1742 900 1795 etiarn
917 1742 993 1796 solus
1008 1741 1079 1795 bens
1131 1736 1223 1791 serbis
1245 1737 1404 1793 diceretur:
1421 1737 1590 1810 Quocunque
1607 1740 1675 1795 bora
1692 1741 1719 1795 in
1733 1745 1849 1810 presenti
1863 1745 1908 1800 rita
1992 1749 1993 1808 ἰ

279 1842 392 1904 peccata
405 1833 528 1897 dinrinit,
545 1842 610 1887 tunc
624 1847 734 1902 quoquc
748 1832 859 1902 quando
876 1832 1031 1886 sacerdotes
1046 1831 1080 1885 ab
1097 1805 1116 1860 Β
1133 1838 1259 1899 peccator
1272 1843 1336 1885 rere
1352 1831 1519 1900 poenituerit,
1534 1833 1561 1886 in
1576 1831 1668 1887 lutura
1685 1833 1741 1887 rim
1757 1849 1807 1889 non
1818 1837 1907 1904 peribit.
1992 1841 1993 1890 ξ

279 1924 827 1995 eoetpcreumdimittuntlpseenim
851 1925 903 1979 boc
927 1925 1081 1980 intrornine
1132 1919 1255 1988 Quodsi
1288 1921 1351 1992 quis
1378 1923 1526 1978 contendat
1553 1924 1716 1996 illudquod
1742 1925 1906 1996 dictumest,
1992 1931 1993 2004 Τ

281 2014 348 2070 tacit
361 2015 434 2084 quod
455 2016 537 2069 nomn
555 2031 603 2085 prr
616 2031 678 2071 eum
701 2014 775 2070 iacit.
792 2013 847 2069 Nee
861 2015 921 2070 ideo
934 2016 1081 2070 dicendum
1136 2013 1254 2066 ssalvos
1268 2013 1330 2076 crit,
1350 2032 1360 2064 r
1378 2029 1431 2069 non
1447 2030 1509 2070 csse
1533 2015 1637 2070 dictum
1658 2017 1693 2070 dc
1708 2017 1907 2088 salvationeque
1992 2055 1993 2108 q

280 2108 470 2162 esthorninem
483 2107 518 2160 ibi
533 2107 709 2173 nitriliaccre,
719 2109 783 2178 quia
794 2123 912 2178 pereum
921 2108 993 2162 Deus
1005 2107 1079 2176 iacit,
1133 2103 1160 2159 in
1185 2103 1279 2160 tuturo
1300 2106 1440 2174 tribuitur,
1456 2108 1502 2162 sed
1516 2109 1550 2164 de
1570 2109 1614 2162 illa
1636 2109 1730 2177 potius
1744 2125 1804 2179 quae
1817 2110 1841 2164 in
1854 2127 1908 2180 pre·
1992 2111 1993 2132 l

282 2197 340 2253 imo
355 2215 419 2254 rero
439 2200 499 2253 ideo
511 2200 597 2255 multo
610 2201 718 2265 melius,
733 2209 760 2254 et
775 2201 860 2255 multo
874 2201 966 2255 verius
981 2199 1081 2268 iacere,
1133 2195 1202 2248 senti
1218 2194 1390 2251 eilsnintinne
1413 2207 1586 2266 peccatorum
1605 2199 1788 2252 condonatur.
1809 2197 1859 2253 Non
1872 2216 1908 2254 uc·

282 2291 348 2359 quia
362 2307 410 2360 per
424 2307 487 2344 curn
505 2291 576 2346 licus
590 2291 664 2347 dreit.
679 2291 748 2347 ilinc
767 2293 892 2363 estquod
911 2291 991 2347 Petro
1007 2293 1082 2363 prin·
1133 2301 1210 2343 cesse
1222 2297 1264 2343 est
1278 2297 1368 2342 tamen
1394 2304 1445 2343 uos
1462 2289 1553 2343 dicere
1571 2290 1645 2360 quod
1658 2303 1789 2360 peccator
1800 2292 1831 2344 ab
1848 2291 1908 2346 omni

284 2383 338 2451 cipi
354 2383 540 2452 apostolorum
566 2383 654 2439 dicit:
672 2403 682 2436 ι
710 2383 770 2438 Tibi
796 2385 868 2438 dabo
893 2386 984 2440 clares
1005 2385 1081 2456 regni
1133 2378 1225 2433 debile
1239 2395 1290 2434 snn
1304 2379 1472 2440 absolvatur,
1489 2382 1580 2436 stetim
1594 2397 1628 2436 ex
1643 2399 1699 2452 qno
1714 2398 1819 2454 gernere
1835 2386 1908 2454 erepit,

283 2473 428 2528 emiorum.
444 2471 634 2541 Quodcunque
652 2473 780 2543 ligaveris
796 2489 878 2544 super
898 2482 1010 2538 terram,
1031 2474 1082 2528 erit
1134 2471 1221 2526 donce
1247 2479 1332 2526 totum
1360 2483 1525 2528 corrsecutus
1554 2473 1637 2528 luerit
1669 2474 1828 2538 remedium,
1851 2477 1908 2546 quod

284 2563 397 2636 ligatum
409 2571 433 2620 ct
444 2565 471 2618 in
483 2565 593 2619 coeliset
603 2567 788 2635 quodcunque
803 2565 919 2621 solveris
933 2582 1017 2635 super
1029 2574 1083 2619 ter·
1134 2559 1206 2616 licus
1216 2563 1248 2616 ad
1261 2563 1436 2618 obtinendam
1451 2567 1558 2620 reniam
1574 2566 1703 2622 instituit.
1719 2567 1776 2623 lloc
1786 2577 1825 2624 est
1836 2579 1909 2626 auen
1992 2601 1993 2614 ι

283 2669 344 2714 ram
357 2657 408 2710 erit
417 2655 536 2710 solutum
549 2664 576 2710 ct
588 2657 613 2708 in
625 2656 702 2710 celis
716 2655 824 2726 (iliuttd.
836 2658 902 2714 xrri.
922 2653 1000 2709 »Non
1014 2654 1083 2711 dixit
1134 2654 1297 2721 remedium,
1322 2663 1352 2710 ut
1376 2657 1458 2711 corde
1484 2657 1625 2726 poeniteat,
1652 2665 1680 2712 et
1702 2675 1750 2713 ore
1771 2660 1910 2716 coudtcntur

284 2750 471 2822 quodeunque
488 2749 635 2814 solveritis,
652 2749 703 2802 boc
721 2757 772 2815 cst,
796 2757 826 2804 ut
850 2749 887 2802 illi
903 2750 989 2811 airrnt,
1007 2750 1080 2804 solu·
1134 2743 1262 2798 delictum
1278 2769 1285 2798 .-
1301 2746 1373 2814 qrrod
1397 2761 1459 2800 cnm
1483 2746 1586 2813 lecelil.
1604 2749 1661 2818 ient
1684 2750 1803 2819 amitinis
1823 2751 1912 2805 debitln

286 2850 346 2898 tum
369 2841 553 2906 ostenderitis,
576 2841 659 2896 fixerit
674 2843 804 2907 solutum,
823 2841 870 2896 sed
885 2843 936 2896 erit
950 2841 1081 2904 solutum,
1134 2833 1319 2890 dtnrnationis
1343 2852 1398 2892 non
1425 2838 1486 2902 erit,
1504 2839 1586 2893 etiam
1611 2841 1634 2895 si
1659 2841 1809 2896 satisfactio
1832 2851 1913 2906 restat,

284 2935 352 3007 quia
370 2937 531 2990 sententiani
555 2933 627 2990 l‘ctri
654 2950 707 2988 non
733 2935 868 3004 precedit,
888 2934 935 2989 sed
960 2935 1083 3003 sequitur
1134 2941 1216 2996 quam
1235 2943 1284 2996 pto
1298 2937 1409 2998 peccato
1426 2931 1563 2999 person-tr.
1583 2930 1661 2998 Quod
1681 2933 1706 2987 si
1724 2931 1791 2987 sorte
1804 2943 1915 3002 peccator

285 3027 422 3085 sententia
437 3027 510 3082 coeli.
531 3025 570 3081 b'e
589 3037 680 3080 arrtrm
696 3026 748 3080 boe
762 3026 812 3082 soli
829 3027 907 3080 l‘etro
920 3041 1083 3080 concessum
1134 3031 1197 3072 lete
1215 3020 1356 3088 poeniteat,
1371 3022 1418 3076 sed
1440 3022 1639 3079 intercurrente
1653 3025 1765 3080 articulo
1778 3026 1915 3080 necessita·

286 3129 368 3192 putes
376 3135 451 3186 esse,
463 3119 526 3174 audi
542 3119 606 3186 quid
623 3119 752 3174 omnibns
774 3118 905 3188 apostolis
922 3132 954 3172 ac
969 3134 1017 3188 pcr
1034 3118 1118 3207 boec
1135 3109 1170 3163 lis
1185 3109 1217 3164 eli
1240 3109 1442 3166 tnniessinnenl
1467 3113 1559 3168 lenire
1581 3129 1637 3168 nnn
1655 3117 1745 3186 possit,
1758 3116 1915 3174 continenter

287 3212 417 3268 omottrus
436 3212 622 3281 apostotorum
638 3211 883 3265 suceessortrruser
896 3214 1083 3280 apostotorum
1136 3204 1284 3272 pronuntio
1298 3204 1371 3274 qood
1397 3205 1426 3258 in
1448 3221 1481 3260 eo
1502 3222 1628 3262 saronas
1654 3209 1777 3264 sacerdos
1797 3210 1913 3278 cooptet,

287 3302 349 3358 rice
363 3301 539 3373 lurrgcntibns
551 3302 645 3358 dicat:
663 3323 672 3354 ι
689 3303 822 3373 decipite,
838 3305 937 3373 inquit,
951 3303 1083 3372 Spiritum
1135 3294 1208 3364 quod
1223 3295 1345 3354 mortalis
1357 3311 1411 3350 non
1428 3298 1525 3367 potuit,
1537 3307 1565 3353 et
1579 3299 1652 3369 apud
1665 3299 1750 3356 Denrn
1760 3301 1813 3372 jain
1824 3300 1913 3356 iactum

289 3402 439 3450 sanctum:
461 3410 580 3464 quorum
606 3395 765 3450 remiseritis
790 3406 910 3464 peecata,
942 3396 1086 3450 remittun-
1136 3385 1914 3456 ⁰⁰¹¹⁸iiili¹¹⁰li¹¹⁰m0dl¹it¹⁰¹¹¹l0l0l0i¹¹ib⁵⁰li¹l⁰nl³il³²

288 3492 336 3540 tur
353 3485 404 3549 cis,
418 3494 445 3539 et
459 3502 576 3556 qnorum
602 3486 768 3542 retinueritis
790 3496 893 3541 retenta
916 3495 980 3541 sunt
993 3485 1084 3556 (ioan.
1137 3475 1300 3544 adinplere.
1321 3478 1385 3547 onie
1401 3479 1602 3536 consessionem
1624 3499 1678 3537 nou
1700 3491 1914 3554 contemptioer-

288 3577 349 3644 xx).
367 3596 376 3628 ι
391 3575 443 3631 Ubi
458 3577 537 3639 dixit,
552 3579 575 3632 si
590 3579 775 3644 ostenderitis,
791 3577 860 3634 luit?
874 3577 1015 3650 Nusquam
1033 3582 1086 3636 boc
1137 3569 1230 3637 elusit·
1244 3570 1291 3624 led
1319 3571 1462 3641 impedivit
1477 3575 1638 3630 necessitas·
1662 3573 1781 3631 Proinde
1799 3577 1834 3641 id,
1854 3575 1913 3646 quod

289 3663 375 3730 dixit,
391 3665 438 3720 scd
453 3666 542 3720 dixit:
561 3664 590 3718 Si
605 3665 735 3733 feceritis,
750 3668 811 3722 erit.
835 3668 1039 3740 drrdiantergo
1060 3677 1086 3725 et
1137 3660 1241 3715 dietum
1259 3670 1301 3716 esi
1317 3681 1349 3716 Η
1376 3662 1545 3736 Quocunque
1566 3666 1632 3721 il⁰l³
1654 3667 1816 3739 ingemuerit
1835 3683 1915 3738 bette-

289 3756 457 3824 intelligant:
474 3773 483 3806 r
501 3755 623 3822 Quorum
636 3758 794 3814 remiseritis
807 3769 926 3830 peecata,
941 3765 1087 3817 remittun-
1139 3760 1181 3806 inl
1194 3752 1286 3808 seille
1297 3753 1377 3820 erto»
1396 3756 1419 3810 Si
1434 3756 1468 3811 dn
1484 3758 1610 3825 blnsssnli
1626 3758 1716 3814 ⁵³i¹¹¹⁰
1730 3759 1865 3830 millius,
1883 3760 1916 3814 Sit·

288 3855 338 3904 tor
350 3847 400 3902 eis.
416 3866 425 3898 ι
439 3845 544 3914 Quibus
556 3850 607 3903 boc
620 3849 761 3905 dicebatur
772 3852 850 3921 prius
862 3852 964 3908 dietum
982 3853 1084 3910 iuerat:
1138 3844 1343 3915 intelligendum
1360 3857 1413 3915 esi,
1430 3863 1463 3903 nn
1474 3849 1496 3904 Si
1513 3849 1670 3906 dinetetnl'·
1685 3848 1765 3907 Tunc
1784 3852 1915 3923 bencelini!
1992 3911 1993 3914 ,

291 3940 575 4012 «decipiteSpiriturn
586 3953 710 3998 sanctum
721 3946 822 4015 iibido,
833 3967 842 3998 ι
853 3963 897 4015 ne,
907 3949 949 4002 rel
961 3951 1032 4018 quoq
1043 3955 1088 4004 do·
1139 3937 1215 3993 salus
1230 3937 1336 4008 incipit,
1351 3941 1461 4010 quando
1475 3943 1611 3997 veraciter
1628 3959 1678 4013 pro
1699 3945 1807 4000 delictis
1819 3945 1869 4000 suis
1880 3945 1915 3997 in·

289 4031 374 4090 batur
387 4029 543 4091 crederetur
557 4037 771 4106 contemptibile,
784 4038 826 4093 rel
839 4041 910 4109 quod
923 4042 1088 4110 accipientes
1139 4030 1278 4101 pemissio
1300 4048 1362 4103 nnn
1386 4041 1478 4090 lemen
1502 4033 1577 4091 salus
1599 4045 1665 4092 tnnc
1687 4038 1768 4107 plene
1788 4037 1915 4108 perdenti.
1992 4039 1993 4104 ἶ

287 4133 440 4192 operantur
454 4127 669 4182 existirneturex
680 4127 800 4182 bumana
818 4129 917 4183 virtute
928 4131 1086 4199 procedere.
1139 4121 1250 4190 nitendo
1265 4123 1291 4176 id
1316 4125 1388 4178 trnde
1412 4125 1576 4197 ingemuerit
1598 4127 1681 4181 etiam
1711 4143 1760 4182 ore
1781 4127 1915 4183 condetur.
1992 4127 1993 4164 ἓ

290 4211 352 4271 Non
368 4231 432 4287 ergo
455 4218 554 4272 mirum
581 4227 633 4280 est,
649 4218 673 4273 si
700 4220 825 4274 bornincs
841 4231 952 4290 peecata
965 4222 1087 4277 donatote.
1140 4213 1206 4269 item
1228 4215 1292 4270 illud
1314 4217 1388 4286 quod
1407 4217 1508 4273 dicitur
1526 4219 1588 4290 quia
1610 4221 1701 4276 adbuc
1714 4232 1741 4275 te
1757 4221 1875 4290 loquente
1886 4218 1918 4272 di·

289 4323 323 4363 rc
346 4319 471 4378 possunt,
492 4312 556 4381 quia
577 4319 608 4364 nt
626 4311 679 4364 boc
695 4313 812 4380 possint,
829 4327 883 4366 non
902 4327 936 4367 ex
960 4329 1020 4378 sua,
1042 4314 1088 4369 sed
1141 4323 1200 4363 eam
1217 4327 1224 4363 :
1241 4327 1250 4360 ι
1269 4307 1337 4365 Eece
1353 4311 1449 4366 arlsrrm
1466 4310 1535 4378 (isc.
1550 4313 1624 4383 xxv).
1651 4332 1660 4364 r
1680 4311 1728 4368 Sic
1746 4313 1917 4368 convenientur

287 4414 326 4456 cx
340 4400 431 4456 divina
442 4404 541 4456 virtute
557 4402 703 4472 arripiunt,
723 4412 750 4458 ct
765 4404 989 4461 bacnominibus
1004 4405 1088 4462 beorn
1141 4408 1232 4468 potest
1247 4399 1333 4470 accipi
1353 4401 1418 4471 quin
1433 4401 1506 4458 Deus
1528 4405 1589 4474 pius
1609 4407 1688 4458 adest
1703 4417 1752 4473 per
1772 4403 1884 4474 gratiam,
1896 4408 1918 4454 rt
1992 4425 1993 4478 3

289 4493 369 4554 dare,
383 4492 451 4547 nibil
466 4503 509 4547 est
533 4495 607 4548 aliud
630 4511 711 4564 qnam
733 4495 818 4550 bourn
835 4497 886 4552 boe
901 4514 949 4567 por
964 4499 1090 4554 bonrines
1106 4501 1128 4554 b
1143 4505 1192 4545 nnn
1213 4491 1246 4546 eli
1269 4493 1456 4560 poerritentiam
1481 4504 1657 4565 entltpnngal.
1679 4496 1780 4552 deinde
1805 4496 1882 4557 adest,
1897 4499 1919 4544 li
1992 4537 1993 4540 η

1856 344 1913 403 titt

289 4587 392 4644 tacere.
402 4587 480 4655 Quod
490 4598 579 4643 antem
592 4589 625 4644 de
637 4591 813 4646 ruurnlatione
822 4592 923 4661 leprosi
935 4601 1087 4662 opponunt,

291 4679 406 4733 minime
425 4681 590 4748 oppositioni
606 4696 701 4734 eornm
719 4682 892 4752 suffragatur,
911 4686 976 4754 quia
992 4686 1015 4740 si
1029 4685 1089 4740 ideo

290 4779 421 4840 peccator
443 4781 505 4826 ante
529 4771 729 4829 corrirssionem
752 4775 855 4829 absolsi
871 4779 1023 4833 credendus
1037 4785 1088 4844 est,

292 4863 360 4933 quia
378 4863 501 4932 leprosus
517 4866 664 4921 mundatus
679 4875 721 4921 est
742 4875 805 4921 ante
827 4869 1088 4926 demonstrationem

290 4954 387 5008 eadem
401 4956 506 5010 ratione
521 4968 646 5023 peccator
662 4967 724 5028 pust
742 4962 980 5029 compunctionem
997 4961 1030 5016 ad
1047 4977 1091 5017 sa-

290 5044 432 5100 cerdotem
449 5047 488 5100 ire
512 5062 566 5101 non
589 5049 667 5104 debet
691 5059 832 5119 peccatum
856 5067 936 5106 suurn
952 5055 1090 5125 plangere,

291 5135 342 5190 scd
358 5136 494 5206 justitiam
512 5139 710 5205 denronstrare,
728 5141 792 5210 quia
808 5151 836 5194 et
856 5142 901 5196 illc
915 5146 948 5198 ad
964 5147 1092 5202 sucerdo-

292 5233 335 5285 tes
357 5229 459 5285 missus
475 5239 526 5288 est.
544 5247 597 5285 non
615 5242 646 5287 ut
666 5213 813 5287 sanitatem
830 5233 971 5302 reciperet,
989 5238 1036 5293 sed
1062 5247 1092 5293 ut

292 5324 438 5377 sanitatem
461 5325 662 5380 dernenstraret
678 5344 685 5378 ε
699 5323 774 5392 qnod
791 5324 905 5380 omnino
924 5328 990 5383 tides
1012 5328 1093 5383 Cirri-

293 5412 382 5469 ttiana
398 5415 535 5470 abhorret.
553 5415 699 5488 Propterea
715 5415 739 5469 si
761 5415 937 5482 miraculum,
949 5421 1022 5488 qood
1040 5419 1093 5477 no-

293 5504 386 5560 minos
403 5515 531 5575 operatus
544 5517 595 5573 est,
619 5503 815 5562 sacerdotibus
836 5521 890 5560 non
906 5508 943 5562 ob
967 5525 1094 5566 reueren-

291 5594 359 5647 tiam
374 5595 465 5663 ollicii,
479 5598 527 5654 scd
549 5599 583 5654 ad
608 5594 812 5666 improperium
833 5598 1005 5668 ostenditur,
1027 5603 1092 5674 quid

289 5685 366 5740 aliud
379 5701 487 5758 quoque
498 5707 579 5762 quam
594 5689 659 5745 nori
676 5687 828 5745 sacerdotii
842 5690 870 5747 iu
882 5691 1000 5760 spiritati
1014 5711 1095 5752 cura⁴

288 5773 366 5832 tione
378 5787 546 5852 contemptus
563 5777 735 5855 generaturi

1140 4590 1315 4651 peccatorum
1333 4583 1528 4652 indulgentium
1545 4587 1687 4642 condrcnti
1702 4587 1805 4642 tribuat
1992 4653 1993 4658 ἵ

1176 4675 1318 4731 Postremo
1340 4676 1366 4732 id
1380 4679 1453 4747 quod
1475 4680 1508 4734 de
1520 4680 1626 4748 psalmo
1647 4689 1792 4751 opponunt
1805 4699 1812 4736 :
1827 4700 1836 4730 ι
1852 4675 1918 4730 biri:

1140 4767 1298 4823 Condtcbor
1313 4769 1458 4826 adsersurn
1472 4787 1515 4826 me
1533 4772 1695 4841 injustitiam
1708 4789 1797 4850 meam
1814 4770 1919 4832 Domino,

1141 4871 1204 4918 etto
1215 4863 1343 4918 remisisti
1358 4864 1523 4934 impietatem
1541 4869 1642 4936 peceati
1660 4870 1713 4923 ruci
1728 4867 1816 4936 (Prot.
1833 4863 1919 4932 xxxii.»

1142 4967 1255 5013 sanctus
1273 4957 1423 5029 Gregorius
1435 4959 1469 5013 de
1482 4961 1560 5030 culpa
1582 4960 1759 5030 cogitationis
1775 4967 1922 5015 tantummo-

1141 5048 1177 5103 do
1194 5049 1286 5103 decem
1313 5063 1375 5104 esse
1397 5052 1515 5106 asseruit
1526 5053 1552 5106 in
1570 5053 1627 5106 baec
1642 5052 1726 5106 rerba
1741 5067 1749 5104 ι
1766 5049 1839 5122 &cpe
1853 5049 1923 5102 misc·

1142 5142 1230 5196 ricors
1247 5140 1317 5196 bens
1329 5157 1362 5196 oo
1374 5143 1456 5198 citius
1469 5152 1579 5213 peccata
1592 5129 1682 5200 cordis
1697 5145 1796 5210 abluit,
1811 5157 1862 5214 quo
1876 5141 1924 5195 lec

1142 5235 1217 5288 exire
1234 5235 1267 5290 ad
1281 5251 1361 5304 opera
1382 5237 1597 5306 nurr'perrnittit.
1621 5234 1698 5292 Unde
1721 5246 1795 5293 recte
1810 5252 1853 5307 per
1864 5231 1924 5286 Psal-

1144 5326 1254 5381 mistam
1292 5325 1392 5382 dicitur
1420 5346 1427 5383 :
1451 5347 1461 5381 ι
1487 5327 1548 5384 [lixi
1570 5348 1577 5382 ε
1603 5327 1763 5384 Corrlitebor
1796 5327 1923 5382 adversum

1144 5435 1188 5474 me
1207 5419 1368 5490 injustitiam
1388 5435 1476 5476 nicam
1500 5419 1631 5487 bornino;
1649 5429 1720 5476 etto
1746 5419 1868 5476 remisisti
1882 5419 1922 5471 im·

1145 5511 1271 5582 pietatem
1288 5512 1389 5581 peccati
1406 5512 1469 5568 mci.
1489 5532 1499 5563 ι
1519 5511 1552 5568 Ει
1569 5513 1650 5582 paulo
1662 5523 1735 5582 post,
1754 5527 1833 5584 quam
1849 5506 1921 5564 lacilis

1145 5619 1227 5674 super
1251 5605 1310 5659 bec
1325 5603 1405 5660 senia
1427 5605 1464 5660 sit
1486 5605 1614 5670 ostendit,
1639 5605 1776 5675 quidum
1797 5620 1826 5660 se
1847 5600 1921 5657 adbnt

1146 5697 1279 5768 permittit
1298 5705 1407 5767 petere,
1428 5697 1480 5754 boo
1501 5697 1572 5768 quod
1593 5711 1627 5754 tte
1649 5707 1745 5767 petere
1768 5695 1919 5768 pemrntebat

1147 5789 1275 5856 obtinuit,
1296 5801 1431 5862 quatenus
1456 5789 1519 5862 qnia
1539 5804 1600 5846 cum
1619 5804 1709 5862 usque
1732 5792 1768 5848 ad
1790 5805 1854 5863 opus
1875 5798 1917 5839 nn
