4017 6342
142 284 180 347 ²³³
818 306 1012 369 otuscutt.
1028 338 1062 349 -
1082 305 1162 363 sut.
1729 306 1787 365 ssa

156 412 252 475 etultti:
283 426 491 500 sacrilegium,
517 424 579 481 dum
601 424 637 489 ei,
665 424 708 479 cui
735 431 760 479 te
785 424 944 489 deroreras,
957 434 981 509 g
996 435 1050 477 non
1060 419 1170 475 audires
1179 432 1237 485 eos,
1250 418 1313 490 quia
1321 416 1404 474 surda
1412 431 1453 473 es.
1466 416 1535 485 Quid
1548 414 1786 490 laeiesiquotltibi

151 507 277 567 abstulisti.
303 514 404 590 313
427 518 492 587 Qum
516 530 568 573 uon
587 524 613 573 te
635 512 732 579 solam,
749 529 841 571 rarum
859 515 941 571 etiarn
969 500 974 509 ¹
994 510 1142 567 remedium
1156 508 1296 569 inuenies?
1308 508 1391 567 linita
1409 518 1436 565 et
1448 508 1531 565 multa
1551 516 1614 567 sunt
1633 517 1742 577 tecmta
1760 520 1789 566 et

155 612 244 657 mrtem
267 608 388 661 sociam
409 609 445 663 ita
468 604 597 663 uoluntati
621 612 649 659 et
671 602 812 675 cupiditati
842 602 942 673 turpis·
993 602 1108 659 crimina
1122 611 1176 657 tua.
1193 600 1341 659 ilistamen
1351 602 1477 659 omnibus
1490 602 1576 675 major
1589 611 1631 659 est
1644 602 1692 659 Del
1703 602 1788 657 mise·

158 690 205 749 sini
231 704 262 751 et
293 696 452 753 loedissimi
477 695 642 767 corruptoris
669 692 839 765 exposuisti,
871 694 943 763 quod
993 692 1121 749 rieordia.
1140 692 1315 762 Omnipotens
1328 691 1461 759 estllcus,
1476 692 1536 764 pius
1548 701 1601 761 est,
1616 693 1790 764 eujusomni·

160 784 268 841 uniuersa
289 788 332 841 tui
349 786 477 857 corporis
489 786 608 841 membra
623 798 687 841 rasa
700 783 826 839 uitiorum
841 782 941 838 iecisti.
992 784 1112 855 potentia
1131 794 1158 839 et
1171 782 1257 855 pietas
1278 785 1408 839 immensa
1426 787 1560 841 neminem
1575 786 1678 857 patitur
1695 787 1791 857 despe-

112 918 115 927 .
160 877 295 950 ilsuperba
311 890 342 935 et
366 880 473 948 induta,
492 880 566 951 eujus
583 882 653 937 bona
672 896 754 953 opera
769 896 822 937 nou
838 879 943 952 spreti·
995 890 1057 932 rara
1100 875 1287 946 poenitentem.
1330 875 1453 944 bguosce
1480 874 1563 949 igitur
1601 876 1788 933 infirmitatem

161 972 203 1027 stil
213 971 270 1027 Tua
286 986 366 1041 uero,
381 988 444 1043 quae
456 973 501 1029 six
515 972 626 1043 aliquid,
641 974 684 1029 trel
696 989 764 1045 pene
778 974 846 1029 uiltil
867 974 945 1029 boni·
995 980 1085 1035 trtatui
1097 967 1226 1024 confflem
1238 976 1263 1023 ¹0
1276 968 1388 1040 propria
1401 969 1542 1039 iniquitate
1556 968 1711 1025 diffibulant
1727 959 1788 1041 01⁸¹

161 1061 214 1116 tatis
234 1060 383 1125 trabebant,
411 1076 518 1133 semper
540 1062 700 1119 admirando
725 1062 851 1119 laudasti.
875 1062 943 1120 Cum
994 1062 1029 1118 sd
1040 1062 1172 1133 piscinam
1193 1058 1320 1117 salutaris
1333 1076 1420 1131 aquae,
1444 1062 1471 1115 in
1494 1075 1576 1131 quant
1603 1060 1713 1133 angelus
1734 1060 1789 1115 bo-

159 1152 248 1209 millies
257 1161 286 1208 et
299 1152 400 1209 millies
412 1163 460 1209 aut
470 1154 633 1227 cogitatione
642 1144 771 1221 sota,'aut
782 1155 946 1229 cogitatione
996 1152 1063 1207 tuini
1079 1151 1269 1215 descendebat,
1284 1151 1400 1222 propriis
1412 1150 1525 1221 pedibus
1534 1165 1588 1205 nou
1597 1162 1677 1221 potes
1686 1152 1789 1217 uenire,

155 1244 231 1299 simul
244 1252 273 1300 et
285 1246 395 1301 actione
417 1244 514 1301 luisses
528 1254 667 1317 corrupta,
682 1231 709 1301 te
721 1246 797 1315 quasi
811 1246 946 1301 coloribus
995 1244 1092 1297 saltem
1102 1240 1180 1297 bonte
1191 1239 1337 1297 voluntatis
1348 1242 1486 1311 gressibus
1498 1241 1613 1306 accedo,
1628 1248 1656 1295 et
1671 1240 1695 1295 sl
1716 1241 1790 1295 roci·

153 1336 289 1391 castitatis
303 1335 445 1407 pingebas,
472 1344 500 1389 et
522 1350 583 1391 cunr
608 1336 823 1392 itruuuudissitna
858 1350 945 1402 esses,
997 1335 1135 1391 lcrarirel
1156 1335 1228 1407 loqui
1253 1351 1307 1389 non
1333 1343 1422 1405 potes,
1445 1334 1580 1404 respirare
1604 1342 1633 1389 et
1651 1332 1791 1403 suspirare

149 1427 246 1498 podica
271 1426 327 1483 dici
353 1426 500 1498 gaudebas.
516 1424 592 1493 Quod
610 1428 632 1482 si
656 1427 801 1499 aliquando
824 1437 849 1483 te
871 1442 945 1483 reatu
996 1426 1084 1482 aditue
1103 1435 1190 1497 potes.
1220 1426 1334 1497 Respira
1359 1424 1478 1490 tandem,
1501 1434 1529 1479 et
1549 1438 1583 1479 ex
1601 1422 1791 1479 iutintoeorde

147 1519 286 1575 condiens
300 1520 449 1587 accusasti,
462 1520 579 1575 auditori
597 1521 696 1591 potius,
709 1534 762 1575 nou
776 1518 831 1575 beo
842 1520 945 1575 auctori
997 1518 1153 1590 suspira,ct
1175 1518 1298 1575 lortassis
1320 1518 1437 1573 inueniet
1460 1528 1485 1572 te
1506 1514 1631 1572 Cbristtts
1652 1514 1792 1584 suspiran-

146 1610 261 1682 placere
285 1610 473 1669 desiderabas.
493 1611 561 1667 Filia
581 1611 691 1678 diaboli,
716 1612 841 1667 violatrix
856 1612 947 1684 templi
998 1620 1062 1677 tent,
1076 1610 1270 1681 quibonrinem
1282 1610 1466 1680 trigintaocto
1480 1623 1565 1663 annos
1588 1608 1615 1663 itt
1633 1607 1790 1663 infirmitate

144 1700 274 1773 Spiritus
298 1703 399 1769 sancti,
414 1703 480 1775 quid
502 1704 536 1758 de
553 1711 580 1759 te
606 1702 706 1769 dicatu,
722 1702 777 1759 imo
790 1703 854 1773 quid
868 1703 948 1774 digus
999 1701 1143 1757 habentem
1156 1700 1275 1768 inuenit,
1302 1711 1331 1758 et
1357 1710 1409 1757 tuae
1429 1698 1580 1756 iudrmitati
1607 1698 1793 1771 conpatiens,

142 1806 250 1849 contra
264 1802 292 1849 te
306 1792 455 1864 proterant,
467 1809 527 1865 quae
540 1809 609 1866 pene
626 1802 651 1850 te
664 1803 757 1859 totam,
779 1792 821 1849 uel
840 1795 946 1865 penitus
962 1798 1078 1864 [tprout
1094 1796 1155 1866 pins
1183 1805 1209 1853 et
1235 1794 1367 1864 bertignus
1394 1793 1546 1859 consuerit,
1562 1791 1635 1848 dicet
1648 1790 1696 1846 tibi
1713 1808 1722 1851 a
1744 1788 1793 1845 Vls

144 1896 244 1946 totam
257 1888 389 1945 abscidisti
404 1888 471 1955 Deo,
481 1888 650 1945 etcontuiisti
664 1888 789 1947 diabolo?
799 1888 943 1957 lletnento,
994 1902 1062 1942 susa
1073 1886 1151 1957 fieri?
1165 1884 1289 1959 (loona,
1308 1884 1348 1958 6.)
1360 1884 1469 1953 Quodsi
1488 1884 1627 1941 miseriam
1650 1890 1679 1939 et
1703 1883 1792 1952 impo-

147 1980 280 2050 eaptiua,
293 1994 346 2050 qno
358 1980 445 2050 pretto
458 1979 531 2036 luisti
548 1979 779 2054 redcropta,ctq‘us
788 1982 878 2053 sponsi
887 1980 945 2037 lue·
996 1980 1107 2036 tentiam
1128 1989 1201 2035 tuam
1216 1978 1355 2035 bumiliter
1366 1977 1492 2034 corriesaa
1505 1976 1601 2043 lucris,
1623 1984 1652 2033 et
1665 1978 1792 2047 outnipo·

148 2069 195 2125 ris
225 2082 337 2141 sponsa,
359 2085 441 2141 quara
465 2070 590 2142 pulcbra,
615 2087 696 2143 quant
717 2080 811 2129 sancta
835 2087 896 2128 cunt
913 2087 946 2129 eo
997 2073 1110 2128 tentiam
1124 2072 1239 2129 tirmiter
1253 2070 1368 2129 credens
1391 2070 1534 2141 agnoveris
1557 2086 1653 2136 suam,
1671 2069 1793 2140 quodibi

148 2178 270 2235 semper
295 2164 451 2231 mansisses,
476 2164 500 2221 si
521 2166 546 2221 ei
569 2164 649 2221 iidem
672 2180 782 2223 serrare
804 2165 944 2223 uoluisses.
996 2164 1129 2233 exhibuit,
1139 2175 1167 2221 et
1178 2166 1226 2221 tibi
1236 2164 1385 2229 exhibebit,
1399 2172 1427 2218 et
1438 2162 1510 2233 qnod
1524 2161 1616 2219 llariae
1628 2160 1794 2233 llagdaleum

149 2252 296 2310 blemento
312 2254 394 2309 etiam
418 2254 501 2321 uude,
528 2263 556 2313 et
576 2272 630 2329 quo
646 2257 777 2313 cecidisti.
799 2255 946 2315 llocatioae
996 2256 1187 2327 poeniteutict
1202 2254 1451 2328 lacrymispeoeata
1467 2252 1607 2310 confitenti
1623 2254 1795 2309 minimeue·

150 2345 251 2416 utique
264 2354 294 2401 et
306 2344 440 2403 electione
452 2347 500 2403 liei
514 2362 600 2419 usque
618 2348 651 2403 sd
662 2348 760 2407 coelum
773 2349 945 2415 ascenderas,
997 2348 1079 2420 garrit,
1095 2362 1146 2404 nee
1169 2348 1217 2404 tibi
1234 2346 1352 2417 negabit.
1367 2346 1412 2415 Et,
1430 2346 1476 2417 qui
1490 2345 1625 2417 leprosum
1652 2344 1795 2403 mundarit

150 2448 181 2489 et
203 2436 232 2491 in
252 2436 389 2493 internum
406 2440 541 2495 corruisti.
556 2438 669 2511 Oquam
689 2440 835 2512 pessimam
846 2449 946 2496 sortem
998 2437 1260 2505 humilemomncm
1277 2438 1379 2509 lepram
1399 2446 1573 2509 pcccatorum
1597 2445 1626 2493 et
1649 2435 1794 2493 eriminum

152 2524 253 2579 sortita
273 2540 315 2593 es,
335 2541 396 2597 quae
427 2527 642 2584 crudelissimum
664 2526 848 2585 damnatorem
872 2537 946 2585 tuum
998 2535 1105 2585 tuorum
1130 2526 1290 2593 ntuudabit;
1318 2537 1348 2584 et
1375 2526 1707 2599 tequasiquatridoanurn
1722 2541 1795 2581 ntor·

154 2625 262 2683 secuta,
297 2618 379 2673 totius
402 2618 530 2675 bonitatis
548 2631 687 2677 auctorem
710 2619 853 2691 reliquisti!
877 2619 948 2677 Deus
998 2619 1181 2684 tuum,etiam
1193 2619 1249 2691 jam
1272 2618 1472 2685 terroremue
1495 2616 1620 2690 sepulcro
1639 2616 1795 2685 ntiseriae,r

157 2714 231 2774 tuus,
247 2707 379 2765 ὓιιιιιίιιιιι
399 2718 472 2776 tuus,
489 2711 619 2768 Conditor
639 2722 668 2767 et
692 2710 856 2785 liedetnptor
874 2722 946 2781 tuus,
997 2708 1033 2765 de
1046 2709 1103 2765 luto
1125 2710 1201 2766 lascis
1226 2709 1383 2777 suscitabit,
1407 2716 1437 2767 et
1457 2707 1526 2765 solui
1552 2708 1690 2793 praecipiet
1715 2704 1795 2765 lesus

157 2800 277 2871 amplius
291 2816 373 2873 qnam
387 2802 505 2875 seipsum
521 2803 568 2860 tibi
587 2804 712 2862 conferre
729 2821 781 2862 trott
794 2804 893 2877 potuit',
907 2808 948 2863 rel
998 2804 1123 2864 cbristus
1146 2805 1276 2862 boninus
1298 2816 1402 2871 noster,
1417 2805 1464 2877 qtti
1480 2806 1621 2861 immensae
1643 2804 1753 2875 pictatis
1766 2814 1795 2858 et

159 2895 269 2951 melius.
287 2894 410 2953 Primum
429 2898 537 2968 quidem
550 2901 658 2971 quaudo
675 2908 701 2956 te
715 2900 789 2970 lecit,
810 2900 859 2959 tibi
875 2900 948 2959 dedit
999 2897 1201 2967 ontnipotentim
1228 2896 1316 2962 Deus,
1338 2898 1405 2952 sirit
1421 2906 1450 2953 et
1464 2905 1559 2969 regnat
1578 2910 1642 2951 curu
1662 2892 1743 2951 Patre
1764 2904 1796 2949 et

159 2988 292 3057 seipsum.
313 2987 410 3045 Postea
434 3004 496 3046 curn
509 2999 620 3061 peccato
633 2992 737 3065 perdita
751 3006 837 3060 esses,
853 3008 882 3049 se
897 3002 948 3050 tuae
1000 2989 1104 3061 Spiritu
1129 2999 1245 3057 saneto,
1281 3004 1331 3061 per
1366 2990 1457 3047 omnia
1490 2988 1589 3047 accola
1622 2988 1794 3046 smcumrum.

161 3078 357 3149 redemptionis
378 3078 460 3152 314
474 3080 588 3136 cotrtulit
608 3079 950 3153 pertimescentem·
1001 3086 1098 3141 Amen.
1280 3127 1282 3131 Α

160 3170 240 3238 casti,
254 3180 283 3225 et
298 3171 356 3241 ipsc
375 3173 411 3225 tui
429 3172 617 3242 poeniteutiam
632 3173 695 3228 iecit
708 3174 822 3245 pcccati.
840 3174 863 3231 0
878 3156 983 3232 mot-C
1321 3172 1404 3245 318
1423 3171 1494 3230 xli.

161 3268 218 3315 tum
245 3260 366 3331 ingratal
394 3259 533 3332 abnegasti
560 3262 705 3335 benignum
730 3260 948 3335 lledcnrptorent,
1280 3278 1381 3321 ornato
1404 3280 1439 3323 to
1455 3280 1547 3321 assus.

162 3352 209 3424 qui
232 3366 284 3424 pro
299 3360 338 3422 te,
358 3365 392 3407 ne
413 3352 529 3423 perires,
544 3364 668 3411 mortuus
690 3361 745 3419 est,
758 3362 786 3409 et
802 3354 950 3412 terribilem
1034 3360 1098 3417 lesu
1114 3357 1289 3428 borsetum,
1303 3354 1355 3413 Fili
1370 3355 1417 3412 bei
1433 3356 1489 3412 uitii
1511 3365 1540 3411 et
1552 3355 1687 3423 bartone
1700 3356 1796 3424 adoro,

162 3443 303 3500 turtureum
319 3453 406 3511 tuum,
419 3445 466 3517 qui
485 3460 533 3516 per
546 3444 651 3517 linguas
664 3442 828 3514 ludaeorum,
849 3457 878 3505 ct
895 3464 951 3503 uta·
1001 3462 1028 3511 te
1041 3455 1132 3521 tando,
1149 3464 1175 3510 te
1190 3450 1320 3527 glorifico.
1332 3448 1393 3506 'libi
1406 3450 1584 3520 omnipotenti
1595 3448 1660 3516 boo,
1673 3448 1796 3508 Creatori

161 3552 214 3592 ons
235 3536 353 3592 militurn
372 3550 434 3592 eum
451 3536 596 3603 interiecit,
617 3536 665 3593 tibi
679 3538 822 3593 montaum
836 3539 948 3611 elegisti.
1000 3544 1204 3617 nreopiissimo,
1220 3558 1328 3605 summo
1345 3541 1612 3609 etreroSaoerdoti,
1625 3552 1653 3599 ct
1667 3552 1719 3598 tute
1733 3545 1798 3600 bea·

161 3628 264 3685 Sancto
283 3628 360 3685 tonte
379 3629 444 3685 olim
469 3629 652 3695 exstinxeras,
676 3637 703 3684 et
717 3630 834 3701 suscepti
849 3632 952 3688 ordinis
1001 3635 1114 3691 tissime
1138 3634 1218 3690 matri
1242 3634 1335 3692 liariae
1359 3647 1467 3704 semper
1486 3632 1595 3705 virgini,
1620 3643 1648 3690 et
1671 3635 1799 3691 omnibus

159 3720 308 3777 sanctitate
330 3722 492 3776 exstinctum
518 3721 696 3789 contriveras,
722 3735 803 3793 quem
827 3722 861 3777 ad
877 3732 950 3779 tuam
1001 3726 1103 3783 sanctis
1113 3726 1176 3792 tuis,
1190 3729 1322 3784 coodteor
1331 3742 1375 3784 me
1392 3728 1506 3783 multum
1521 3727 1797 3798 miserumetpeces-

161 3822 322 3884 perpetuam
350 3828 458 3885 pteram
489 3814 626 3885 peccando
657 3814 805 3870 suscitasti.
828 3813 951 3883 Quandiu
1002 3826 1100 3884 turrem,
1122 3827 1150 3874 et
1166 3819 1275 3891 qualem
1291 3828 1321 3875 tu
1339 3819 1420 3876 nosti.
1438 3818 1517 3875 Sicut
1540 3820 1608 3875 meis
1630 3818 1735 3875 meritis
1753 3819 1798 3891 in-

160 3922 223 3963 eam
249 3908 324 3964 bono
345 3908 402 3963 lieo
423 3908 515 3979 et'piu
537 3907 652 3965 Dantino
675 3908 761 3975 luisti,
784 3920 952 3967 eraseutttra
1001 3906 1114 3965 stillcari
1127 3922 1177 3965 nee
1189 3924 1310 3981 possum,
1326 3924 1378 3965 nee
1390 3908 1477 3980 potui,
1491 3908 1533 3965 sle
1546 3920 1590 3964 tna
1604 3922 1702 3977 magna
1713 3909 1797 3963 mise-

160 3998 301 4054 diabolum
325 3998 415 4064 tortis,
428 4006 455 4053 et
471 3996 567 4054 debilis
583 4008 678 4054 contra
694 4006 719 4055 te
736 4007 796 4054 erat
809 3998 950 4067 diabolus;
1002 4002 1120 4057 ricordia
1131 4016 1174 4057 me
1188 4017 1268 4073 posse
1278 4002 1378 4059 saltari
1390 4002 1529 4072 prostteor,
1540 4002 1575 4056 de
1594 4000 1673 4071 cujus
1692 4000 1798 4071 magni·

159 4100 191 4145 tu
212 4106 290 4157 sana,
314 4092 360 4149 ille
380 4092 523 4160 infirmus;
540 4102 568 4148 tu
591 4094 709 4159 domina,
733 4093 777 4150 ille
800 4108 903 4153 sortus.
918 4096 954 4151 bt
1004 4092 1097 4149 tudine
1118 4108 1284 4164 presumens
1309 4094 1337 4149 in
1366 4101 1392 4149 te
1418 4092 1535 4163 spumei.
1563 4091 1674 4149 Possem
1686 4090 1796 4162 quidem

159 4191 308 4251 postquam
322 4182 357 4238 ab
369 4196 402 4238 eo
417 4182 563 4249 recessisti,
579 4184 624 4255 qui
641 4192 667 4240 te
680 4199 728 4239 sua
743 4184 863 4242 bonitate
876 4202 953 4241 crea-
1003 4182 1157 4255 desperare,
1172 4185 1236 4255 quia
1251 4184 1331 4240 aliter
1346 4182 1402 4241 uixi
1417 4197 1499 4255 quarn
1512 4182 1593 4239 debui
1607 4200 1614 4237 :
1626 4181 1673 4239 sed
1693 4183 1738 4239 illa
1749 4194 1796 4238 tua

157 4272 211 4335 rit,
234 4280 264 4329 et
290 4272 489 4331 inaestimabilis
509 4274 651 4331 charitatis
665 4274 808 4333 dilectione
827 4276 952 4346 redemit,
1005 4290 1102 4347 magna
1118 4276 1258 4334 miseratio
1277 4290 1320 4331 me
1333 4276 1478 4347 desperaro
1496 4290 1550 4331 troo
1571 4276 1684 4348 patitur,
1697 4286 1797 4347 quarte

156 4366 259 4420 eontra
283 4374 319 4433 te,
348 4368 460 4437 spiritus
490 4366 679 4425 fornicationis
705 4369 794 4425 erexit
817 4380 908 4442 caput,
925 4380 954 4427 ct
1004 4370 1039 4425 de
1052 4369 1130 4425 coelis
1141 4369 1306 4441 deposuitad
1318 4379 1415 4436 terras,
1428 4386 1463 4427 ne
1473 4369 1604 4441 perirem.
1617 4369 1727 4427 Saluum
1740 4368 1794 4438 lar,

157 4456 235 4511 iutro
259 4458 364 4527 uiscera
380 4468 425 4514 tua
442 4474 472 4515 se
492 4467 575 4516 toturn
598 4461 741 4518 immersit.
766 4462 804 4522 tbt
820 4466 953 4537 pessimus
1004 4462 1236 4534 quambenigno
1258 4460 1343 4528 lesu,
1360 4476 1468 4519 serrum
1493 4471 1580 4526 tuum,
1595 4464 1796 4533 quonianspe«

157 4547 315 4604 torrticator
331 4548 403 4606 ioeda
419 4550 531 4607 nimium
550 4550 698 4622 pollutione
721 4562 747 4611 te
761 4554 950 4621 maculans,et
1004 4552 1062 4607 rari
1077 4552 1106 4607 in
1119 4562 1166 4621 te;
1180 4552 1496 4625 etomnesqnisperatis
1509 4550 1537 4608 iu
1560 4540 1648 4622 ipsuis
1660 4561 1736 4608 orate
1746 4567 1796 4623 pro

158 4637 199 4691 ad
215 4648 243 4695 te
259 4655 321 4695 cum
345 4640 516 4699 multitudiue
539 4643 690 4699 dromonum
715 4646 813 4718 saepius
834 4649 951 4715 intrans,
1004 4658 1059 4710 tue,
1075 4652 1116 4711 ut,
1131 4644 1154 4699 si
1172 4659 1225 4700 noo
1239 4644 1274 4699 ad
1286 4658 1405 4717 presens
1418 4643 1511 4714 requie
1521 4643 1630 4716 diguus,
1649 4642 1745 4701 saltem
1760 4644 1796 4699 ab

159 4728 248 4785 fetida
272 4732 300 4787 in
324 4741 351 4789 te
369 4734 481 4807 uestigia
498 4734 652 4806 dereliquit.
667 4734 760 4808 itaque
772 4754 877 4797 unuusun
891 4740 953 4797 tuti.
1003 4747 1103 4792 reterna
1119 4750 1211 4806 poena,
1225 4736 1283 4807 ipso
1297 4736 1454 4801 miserante,
1468 4734 1572 4791 alienus
1584 4734 1717 4791 inveniar.

161 4820 240 4878 diuis
251 4824 424 4896 impraegnata
440 4827 586 4899 concepisti
600 4826 730 4895 dolorem,
741 4840 769 4885 ct
781 4830 949 4903 iniquitatem
1362 4826 1442 4884 ttttt.

159 4916 304 4984 peperisti.
320 4914 426 4975 Talium
439 4918 581 4992 coniugum
593 4930 634 4977 est
648 4930 741 4991 partus
753 4932 949 4993 monstruosus,
1204 4936 1304 4980 astato
1319 4934 1353 4977 tn
1366 4935 1475 4979 straete
1486 4936 1592 4981 commt-

161 5004 314 5076 ltorribilis,
337 5010 435 5081 turpis,
460 5012 624 5069 immundus.
643 5010 689 5069 lae
704 5012 750 5071 tibi
767 5014 875 5084 misera,
891 5032 951 5087 qum
1142 5011 1263 5069 Ollaria
1278 5014 1404 5087 gloriosa,

161 5100 208 5153 tui
224 5100 340 5158 uilissimi
368 5102 437 5159 serui
462 5104 560 5160 ancilla
582 5104 652 5161 lacta
672 5120 711 5173 cs,
733 5114 761 5162 ct
780 5106 952 5167 fornicatoris
1111 5104 1189 5162 lesse
1202 5105 1289 5177 proles
1303 5120 1443 5177 generosa,

161 5196 276 5262 pessimi
291 5200 459 5257 concubina!
478 5199 500 5257 0
515 5200 574 5257 uilis
588 5202 660 5259 lacta
675 5203 765 5270 ulmis,
781 5203 826 5261 ubi
841 5204 952 5274 speras?
1112 5196 1254 5269 Perquattt
1268 5195 1319 5252 luit
1329 5212 1401 5255 mort
1415 5198 1555 5263 demum·

163 5290 237 5357 quid
252 5292 414 5365 exspectas?
431 5293 522 5365 jacere
539 5296 565 5349 iu
580 5295 704 5353 sordibus
721 5305 763 5353 est
781 5296 950 5364 damnabila;
1110 5288 1197 5359 Mill!e
1208 5288 1263 5344 *5¹³
1279 5288 1420 5359 “dmm

163 5393 279 5452 surgere
291 5384 325 5441 de
347 5386 471 5443 sordibus
484 5394 527 5443 est
546 5386 594 5443 tibi
615 5386 788 5459 impossibiie.
803 5388 852 5445 llic
872 5384 949 5456 anibi,
1147 5376 1471 5453 lirguselel'ssllffl
1482 5378 1574 5453 8172

163 5468 190 5523 si
212 5474 292 5545 nosti,
313 5490 399 5548 aquo
411 5474 460 5531 tibi
479 5478 632 5549 consitium,
650 5494 791 5549 perquem
809 5479 949 5549 auxilium,
1109 5471 1196 5542 Super
1204 5484 1298 5526 ⁰¹1¹¹¹0⁸
1312 5468 1451 5541 mimi

164 5560 204 5614 td
232 5576 308 5635 quem
332 5564 484 5638 relugiuml
503 5566 562 5625 Nun
585 5568 658 5625 tales
689 5560 818 5627 amedera
837 5570 872 5626 ad
885 5584 951 5627 san·
1108 5560 1190 5618 Stella
1204 5559 1296 5625 tnatis,
1315 5557 1376 5617 uoeli
1391 5568 1481 5631 tom·

164 5658 240 5719 etos,
257 5656 317 5727 quia
341 5655 421 5728 ligata
443 5670 483 5722 es,
506 5671 557 5715 nee
577 5658 775 5729 invocaturos,
798 5661 860 5733 quia
875 5668 950 5717 muta
1108 5656 1147 5713 Er
1162 5670 1213 5726 qna
1230 5656 1330 5710 muodo
1341 5653 1388 5711 lus
1399 5656 1520 5709 edocta.

162 5754 210 5795 θι-
237 5739 308 5813 uum
341 5746 364 5801 si
390 5744 472 5801 etiam
494 5747 541 5802 tibi
567 5747 640 5822 loqui
658 5750 832 5825 dignarentur
844 5769 853 5821 ;
866 5748 946 5823 815
1145 5745 1284 5819 Templum
1301 5760 1409 5803 “ctum
1422 5744 1581 5813 Sillim.

328 5842 464 5905 uereor.
487 5842 607 5909 ctttt.
1613 5841 1635 5902 ⁸
1764 5909 1769 5919 .
