4017 6342
180 373 226 425 illl
650 364 939 424 osrtonsrtorttts
957 364 1008 421 SS.
1029 363 1184 421 Parnon.
1200 398 1237 407 --
1256 365 1320 422 Lib,
1339 366 1360 421 1.

1767 363 1820 423 733

181 484 256 541 etiarn
268 482 427 541 clarissima
442 483 587 540 luminaria
601 480 662 538 coeli
682 496 737 552 prae
760 478 864 551 fulgore
888 478 973 533 (lirini
989 483 1012 539 ,t
1026 477 1136 548 siguum
1162 478 1228 534 illud
1255 494 1287 534 ac
1315 480 1479 550 triumphale
1502 480 1629 535 vexillum
1658 479 1822 539 snblhniltus

182 575 289 633 luminis
312 577 529 633 abscondantur.
562 572 639 629 Tunc
662 588 728 628 vero
755 571 840 627 stellae
864 570 972 633 cadent,

186 667 287 739 quaudo
311 668 471 738 apparuerit
492 667 601 737 signnm
628 662 690 718 Filii
709 660 827 717 hominis
842 660 869 713 in
892 659 973 715 coelo.

186 757 370 815 considerasti
384 765 485 829 quanta
500 757 534 815 sil
550 756 637 810 virtus
650 755 731 825 signi,
748 752 801 807 hoc
814 760 857 807 cst
870 750 972 806 crucis.

187 848 226 904 Sol
242 848 439 904 obscurabitur
452 856 480 903 et
497 846 561 902 luna
587 861 641 901 non
654 844 729 899 dabit
754 843 845 897 lumen
872 856 972 896 surim:

187 955 323 997 eruxrero
339 937 465 1009 fulgebit,
491 948 517 995 et
542 937 697 995 obscuratis
721 936 873 992 luminibus
898 934 973 1001 coeli,

186 1030 349 1101 dilapsisque
361 1028 508 1097 sideribus,
532 1030 591 1085 sola
612 1029 739 1096 radiabit,
764 1035 794 1082 ut
809 1026 886 1083 dieas
905 1041 974 1097 quo-

187 1124 253 1177 niam
269 1138 338 1179 crux
363 1124 436 1179 lutrae
460 1130 487 1177 et
512 1122 562 1177 soli
588 1122 744 1193 praeclarior
770 1128 822 1177 est.
850 1118 973 1187 Quorum

1026 568 1148 625 lienteris
1161 569 1347 641 praeferentes,
1361 574 1457 638 ,ldivini
1482 574 1555 645 regie
1570 573 1690 629 coelestis
1716 572 1823 643 irrgree·

1026 676 1087 715 sum
1105 664 1285 720 trementibus
1308 665 1482 722 nuntiabunt.
1501 686 1510 717 ι
1538 664 1603 722 ltem
1619 666 1689 721 idem
1703 664 1821 725 doctor:

1029 753 1113 809 «Sed
1135 771 1221 825 quare
1247 772 1316 811 crox
1342 757 1483 828 apparebit
1512 766 1595 825 tunc,
1626 766 1653 813 ct
1681 773 1763 829 quam
1786 754 1823 812 ob

1027 850 1138 900 causam
1159 846 1185 899 in
1210 846 1271 916 ejus
1294 850 1407 918 praelatu
1427 847 1561 905 Dominus
1576 847 1821 905 advenietlllatio

1027 938 1171 1009 perspicuo
1196 950 1248 1006 cst,
1275 948 1306 995 ut
1324 950 1476 1011 agnoscant
1499 942 1644 997 consilium
1668 942 1822 1013 iniquitatis

1027 1044 1084 1084 suae
1095 1030 1142 1100 qui
1157 1030 1302 1086 bominum
1317 1032 1470 1101 majestatis
1485 1033 1689 1090 crucifixerunt.
1705 1034 1757 1089 l‘cr
1768 1034 1821 1095 hoc

1026 1120 1098 1175 enim
1124 1122 1233 1194 signum
1267 1124 1426 1195 imprudens
1458 1121 1616 1179 ludaeorum
1647 1126 1822 1197 redarguitur

188 1214 353 1287 splendorem
376 1215 470 1271 divino
493 1215 628 1271 illustrata
645 1214 752 1287 lulgore
775 1214 934 1285 superabit,
947 1222 974 1268 ει
1024 1213 1160 1284 impietas,
1176 1216 1305 1286 quoniam
1324 1223 1434 1286 propter
1449 1216 1502 1271 hoc
1517 1216 1605 1285 ipsunt
1617 1217 1819 1274 babentcscru—

187 1306 413 1379 quemadmodum
428 1306 597 1379 ingrediente
610 1323 672 1381 rege
687 1309 714 1362 in
732 1306 869 1363 diritatem
892 1320 971 1360 excr-
1023 1321 1094 1373 ccm,
1108 1306 1209 1373 reniet,
1220 1307 1298 1377 justa
1323 1307 1511 1379 Evangelium,
1528 1306 1592 1377 qnia
1614 1316 1678 1364 tnnc
1691 1308 1820 1381 plangent

188 1400 251 1454 citos
264 1400 401 1456 antecedit
412 1399 560 1470 praeterens
577 1400 653 1473 sigua
668 1410 750 1471 atque
761 1399 858 1455 vexilla
873 1398 973 1469 regalia

187 1488 344 1545 athabitnm
369 1492 579 1562 praeparationis
602 1491 747 1546 armisona
769 1490 914 1545 anrtnntiat
928 1504 973 1543 re-

187 1578 223 1649 gis
235 1580 389 1648 introitum,
403 1582 437 1636 ita
452 1580 570 1637 Domino
579 1580 760 1636 descendente
773 1579 805 1635 de
816 1578 891 1635 coelis
905 1594 974 1654 pnr-

187 1671 251 1727 cedit
273 1673 412 1729 exercitus
439 1674 599 1745 angelorum
621 1682 648 1729 et
673 1672 901 1743 archangelorum
925 1670 972 1745 qui

1028 1414 1125 1453 rrrrrnes
1140 1398 1228 1455 tribus
1247 1408 1338 1466 terrae,
1349 1408 1375 1456 et
1387 1400 1509 1456 ridentes
1526 1408 1714 1457 accusatorem
1738 1417 1821 1457 suum

1028 1492 1114 1561 ipsam
1130 1490 1234 1546 scilicet
1250 1508 1359 1547 crucem
1374 1503 1400 1548 ct
1421 1493 1509 1565 ipsam
1531 1501 1691 1565 arguentem
1718 1506 1820 1563 eogno-

1028 1590 1109 1638 srunt
1126 1591 1269 1651 peccatum
1292 1600 1373 1646 sutnn
1398 1600 1480 1653 sero,
1494 1594 1521 1641 et
1535 1584 1648 1645 ,trustra
1663 1584 1821 1641 fatebuntur

1028 1673 1138 1747 impiam
1152 1674 1301 1733 eschalero

220 1928 520 2023 notltdttt
556 1930 835 2026 PROXIMA
872 1936 1028 2028 totu
1065 1937 1486 2034 ndrtvtttrun
1524 1940 1775 2036 nontnt.

219 2122 374 2179 alliserunt
396 2122 480 2181 ludei
501 2126 537 2181 ab
554 2124 752 2199 Hierosolymis
777 2129 933 2185 sacerdotes
948 2138 974 2185 et
989 2139 1011 2194 Β
1026 2146 1088 2186 nem
1100 2131 1215 2203 liguram
1230 2132 1359 2203 baptismi
1367 2133 1497 2206 gessisse,
1509 2132 1721 2207 eumqueEliatn
1731 2138 1820 2195 ethna

184 2216 273 2271 lenitas
295 2216 330 2271 al
355 2232 430 2283 euru,
446 2226 477 2273 ut
502 2218 671 2290 introgarent
693 2234 766 2275 eum.
791 2218 833 2275 Tu
845 2220 908 2292 quis
920 2221 972 2277 esi
1024 2238 1102 2279 scum
1115 2224 1143 2279 iu
1158 2224 1245 2295 ligura
1256 2224 1384 2295 baptismi
1396 2226 1476 2282 siccis
1490 2225 1605 2297 pedihus
1618 2228 1761 2294 transisse,
1769 2244 1820 2299 pn-

183 2306 213 2361 lit
224 2304 367 2363 consessus
380 2316 422 2362 est
445 2317 473 2363 et
494 2324 548 2365 non
569 2310 687 2381 negavit.
710 2307 742 2365 Et
765 2310 909 2366 conlessus
919 2319 971 2377 cst,
1023 2314 1118 2370 tabant
1131 2321 1158 2370 et
1173 2331 1246 2373 nunc
1260 2331 1308 2373 eos
1323 2318 1476 2374 surrexisse
1487 2319 1522 2373 ad
1531 2318 1736 2389 baptizandum.
1751 2318 1821 2391 Quia

182 2400 242 2469 quia
258 2416 312 2454 non
328 2416 390 2455 sum
413 2415 464 2472 ego
486 2401 623 2467 Cltristus,
637 2408 689 2456 etc.
703 2399 793 2473 (loon.
810 2402 841 2473 r).
862 2422 872 2456 t
897 2402 972 2459 Con·
1023 2421 1089 2477 ergo
1112 2405 1231 2464 loannes
1257 2409 1362 2464 oulltnn
1387 2410 1422 2465 de
1438 2410 1483 2465 bis
1505 2410 1573 2465 dicit
1597 2425 1626 2466 se
1644 2427 1716 2479 esse,
1737 2411 1821 2470 interr

182 2490 268 2549 lessus
279 2502 322 2549 est
337 2509 367 2549 se
381 2510 434 2547 non
448 2510 508 2551 esse
520 2493 662 2551 Christum
675 2514 682 2563 ;
697 2497 780 2551 etiam
797 2514 852 2553 non
866 2498 973 2565 negarit
1023 2507 1122 2569 rogant
1137 2515 1192 2570 qna
1207 2500 1320 2556 audacia
1331 2500 1457 2571 baptizet.

181 2584 333 2654 quoderat,
354 2586 458 2642 scilicet
469 2604 498 2643 sc
509 2603 570 2643 esse
586 2600 842 2659 precursoremut
854 2607 972 2663 sequen·
1062 2610 1071 2641 ι
1087 2590 1236 2663 Respondit
1246 2593 1287 2649 eis
1303 2591 1424 2649 loannes
1436 2593 1530 2649 dicens
1544 2610 1551 2649 ε
1567 2590 1625 2665 Ego
1643 2594 1755 2665 quidem
1769 2594 1821 2649 ba·

182 2676 216 2730 tia
226 2676 419 2736 determinant.
443 2676 493 2735 llic
509 2679 650 2737 humilitas
665 2680 784 2741 loannis,
796 2682 972 2739 commcnda-
1023 2682 1096 2753 ptizo
1108 2697 1156 2739 ros
1172 2682 1282 2754 aquain
1297 2683 1498 2753 prendendam.
1508 2681 1561 2750 Qui
1576 2692 1668 2740 autem
1692 2693 1755 2755 post
1777 2698 1822 2741 ma

180 2778 231 2823 tur.
249 2768 378 2838 Quidum
400 2770 584 2830 infirmitatem
600 2788 679 2828 snam
704 2774 845 2830 humiliter
868 2774 973 2831 studuit
1022 2786 1155 2829 vetiturus
1165 2784 1217 2844 est,
1233 2774 1331 2830 tortior
1344 2790 1388 2829 me
1400 2783 1460 2843 est;
1475 2775 1555 2847 cujus
1567 2792 1623 2831 non
1637 2792 1699 2831 sum
1720 2777 1821 2849 dignus

179 2860 397 2933 agnoscerettet
415 2864 603 2920 celsitudinem
624 2866 735 2937 meruit}
748 2867 881 2923 obtinere.
905 2866 970 2923 hlira
1023 2865 1206 2920 odoramenta
1226 2875 1346 2937 portare.
1366 2864 1472 2922 bledins
1490 2874 1580 2921 antem
1603 2878 1725 2923 vestrum
1747 2868 1823 2925 stetit

179 2955 289 3011 caecitas
303 2954 479 3011 ludaeorum!
503 2955 555 3024 Qui
584 2975 646 3014 curn
673 2957 807 3014 loannem
833 2960 973 3015 crederent
1023 2971 1103 3027 quem
1115 2970 1164 3011 ros
1176 2957 1298 3013 nescitis.
1314 2955 1375 3026 lpse
1386 2972 1435 3011 ros
1444 2956 1629 3029 baptizabitis
1640 2958 1742 3029 Spiritu
1753 2976 1820 3016 san-

177 3063 237 3102 esse
263 3046 406 3103 Christum
431 3048 542 3105 credere
565 3050 694 3105 nolebant
721 3050 772 3121 ipsi
792 3049 889 3106 loanni
905 3060 974 3107 atte-
1025 3057 1070 3103 cto
1081 3057 1108 3103 et
1116 3047 1172 3119 igni
1183 3048 1300 3119 (raedh,
1312 3049 1734 3121 (leonenses,descendente
1748 3052 1772 3107 si
1782 3052 1822 3109 di·

176 3138 260 3191 stanti
275 3137 417 3193 Christum
434 3154 495 3195 esse
510 3139 691 3209 Saltatorem,
711 3149 751 3196 tot
773 3142 859 3213 signis
872 3158 905 3198 ac
916 3142 972 3197 ιιι·
1024 3148 1087 3197 cat:
1103 3137 1162 3193 Non
1181 3139 1331 3209 imputetur
1349 3139 1472 3195 audaciae
1490 3141 1564 3211 quod
1576 3156 1638 3213 ago.
1663 3141 1776 3213 baptizo
1791 3145 1821 3200 in

174 3230 283 3287 tutibus
298 3230 498 3300 approbatum:
1025 3246 1095 3303 aqna
1107 3230 1135 3286 in
1147 3232 1346 3302 paenitentiam,
1374 3231 1458 3287 idest
1482 3232 1509 3287 in
1525 3232 1633 3303 signum
1655 3234 1823 3305 paenitentia

213 3342 223 3375 r
241 3320 277 3376 Ει
298 3324 535 3394 interrogaverunt
551 3340 624 3381 eum.
651 3324 721 3393 Quid
751 3326 839 3397 crgo?
856 3325 930 3383 Elias
943 3342 973 3385 es
1025 3322 1169 3394 purgantis
1190 3322 1314 3391 animas;
1325 3322 1519 3393 larocorpora,
1536 3333 1560 3379 et
1574 3326 1824 3397 usnmbaptizandi

171 3412 265 3468 turni
280 3412 434 3470 (ιιιιιιιιιοη
450 3432 522 3472 snm.
537 3415 971 3491 Prophetaerutdtrospondtt2
1027 3414 1156 3481 instituo,
1172 3429 1274 3485 paraus
1295 3414 1368 3470 vlam
1392 3415 1499 3471 fortiori
1524 3431 1581 3485 mc,
1609 3418 1692 3488 cuins
1713 3420 1822 3478 oaloea·

169 3504 566 3580 Nonlihid.).›(Gnnoourns.)
583 3482 1008 3583 llominusdixeratdiscipulisC
1025 3516 1118 3561 menta
1148 3515 1258 3577 portare
1288 3524 1343 3563 non
1368 3524 1431 3575 snm
1452 3508 1561 3579 dignus,
1590 3508 1678 3571 Tanta
1693 3520 1735 3567 est
1760 3511 1822 3584 ejus

169 3600 257 3655 stris:
277 3618 287 3651 ι
305 3597 425 3657 loannes
451 3600 509 3671 lpse
535 3609 578 3659 est
602 3600 675 3658 Elias
689 3602 798 3675 (March.
815 3603 866 3674 n),
882 3623 891 3656 i
910 3606 974 3675 quia
1025 3599 1276 3669 excellentiaque
1295 3615 1378 3670 supra
1400 3616 1489 3667 nram
1518 3609 1560 3657 est
1583 3602 1756 3672 parvitatem.
1777 3601 1822 3659 ln·

167 3688 300 3745 loannes
331 3689 360 3744 in
381 3690 478 3759 spiritu
500 3698 560 3745 erat
583 3690 656 3747 Elias
688 3707 743 3748 non
780 3692 807 3747 in
833 3709 973 3763 persona:
1026 3700 1230 3749 terrosautem
1251 3692 1358 3747 medius
1380 3702 1421 3749 est
1444 3710 1524 3764 quem
1535 3694 1675 3765 predico,
1692 3696 1741 3751 sed
1771 3711 1822 3751 ne·

166 3780 334 3852 enimqnod
350 3780 416 3837 dicit
429 3781 473 3838 hic
488 3797 583 3839 senon
594 3798 657 3839 esse
672 3782 769 3839 Ellam.
784 3782 975 3847 ideo-loannes
1027 3783 1104 3838 scitis
1127 3797 1206 3849 eum,
1231 3782 1295 3851 quia
1322 3781 1383 3853 ejus
1399 3782 1553 3839 hnmilitate
1578 3800 1634 3840 non
1661 3785 1819 3841 abutimini.

166 3872 289 3943 negarit
310 3887 340 3927 se
361 3888 422 3928 esse
447 3874 618 3945 prophetam,
640 3876 704 3946 quia
726 3875 789 3945 plus
816 3886 875 3931 erat
891 3892 973 3947 quarn
1026 3872 1086 3949 lpse
1099 3874 1248 3945 baptizabit
1260 3874 1288 3929 in
1308 3872 1411 3944 Spiritu
1426 3884 1560 3933 sanctoet
1579 3879 1646 3949 igni,
1671 3878 1723 3934 hoc
1736 3887 1777 3933 est
1793 3885 1823 3933 et

168 3964 325 4035 propheta,
340 3964 413 4035 quod
433 3965 478 4019 alii
498 3966 742 4035 pronuntiaverant
752 3966 909 4023 ostendens.
928 3966 974 4023 l'el
1027 3966 1189 4037 purgatione
1210 3968 1434 4025 sanctificationis
1447 3979 1475 4025 et
1492 3972 1652 4041 probatione
1668 3971 1822 4027 tribulatio-

170 4055 247 4123 quia
269 4054 358 4109 nuntii
376 4070 499 4126 quaerere
523 4055 700 4113 intendebant
712 4071 747 4116 an
771 4065 843 4113 esset
863 4056 936 4119 Elias
947 4064 976 4111 et
1027 4056 1091 4123 nis;
1107 4057 1152 4111 rel
1165 4056 1193 4111 in
1205 4056 1309 4127 Spiritu
1327 4068 1436 4127 sancto,
1452 4061 1536 4116 idest
1551 4062 1577 4115 in
1593 4062 1665 4132 igne,
1678 4076 1761 4133 quem
1774 4077 1822 4117 ve-

175 4132 301 4215 Eliscus,
326 4146 352 4202 in
375 4149 475 4218 quibus
489 4148 586 4219 ‚ligura
612 4149 741 4225 baptismi
763 4151 917 4221 praecessit,
934 4152 975 4207 rel
1027 4148 1069 4202 nit
1082 4148 1192 4203 mittere
1204 4163 1288 4219 anper
1302 4157 1415 4204 terram.
1431 4148 1539 4222 (beot.)
1565 4151 1685 4220 Spiritus
1709 4160 1822 4207 sanctus

182 4238 299 4295 aliusex
318 4241 439 4311 antiquis
454 4242 606 4312 prophetis.
1028 4254 1076 4309 per
1099 4239 1190 4311 ignem
1214 4239 1384 4311 intelligitur,
1409 4256 1471 4313 quaa
1492 4250 1519 4296 et
1541 4240 1624 4295 corda
1636 4241 1758 4297 incendit
1773 4255 1823 4313 per

224 4352 234 4383 r
252 4332 385 4389 biternnt
397 4349 464 4405 ergo
481 4336 505 4390 ei
520 4333 604 4401 :Quis
617 4350 647 4390 rs
659 4344 689 4391 ut
702 4351 864 4406 responsum
880 4338 977 4393 demus
1028 4348 1151 4391 amorem
1172 4344 1200 4390 et
1214 4333 1354 4392 illuminat
1376 4349 1427 4405 per
1449 4332 1622 4405 sapientiam.
1640 4332 1710 4390 Sunt
1722 4334 1769 4405 qui
1783 4332 1831 4396 ita.

189 4422 291 4495 hisqui
315 4426 450 4481 miserunt
464 4442 513 4483 uos
527 4445 539 4491 ι,
557 4426 611 4481 dn.
625 4425 683 4498 Ego
705 4444 758 4483 ror
782 4428 927 4483 clamantis
948 4426 976 4483 in
1029 4435 1181 4497 exponunt.
1206 4424 1237 4483 ln
1249 4426 1353 4497 Spiritu
1369 4438 1465 4483 saneto
1482 4426 1509 4481 in
1523 4427 1667 4498 praesente
1696 4426 1723 4481 in
1748 4427 1821 4497 igne,

189 4514 312 4571 deserto:
326 4516 423 4573 Parate
433 4518 505 4575 viam
517 4518 637 4587 Domini,
653 4518 724 4577 sicut
739 4519 808 4573 dixit
821 4518 906 4575 lsaias
918 4535 978 4597 pro
1030 4517 1058 4572 in
1072 4517 1175 4582 loturo.
1194 4516 1272 4574 Sicut
1287 4520 1360 4575 enirn
1376 4536 1452 4575 nunc
1469 4519 1641 4575 renascimur
1656 4532 1689 4573 er
1708 4533 1780 4588 aqua
1795 4526 1824 4573 ει

191 4604 268 4672 pheta
284 4606 373 4679 (loon.
387 4609 417 4680 ι).
440 4629 450 4661 ι
472 4608 592 4665 loannes
612 4618 654 4665 cst
673 4626 725 4666 vox
746 4612 773 4666 in
796 4626 851 4683 quo
864 4612 977 4677 verbum
1030 4606 1135 4679 Spiritu
1148 4619 1244 4667 sancto
1259 4611 1286 4665 in
1301 4611 1491 4668 remissionem
1505 4619 1692 4680 peccatorum,
1703 4610 1741 4665 ita
1757 4620 1827 4664 tuno

194 4708 277 4766 sonat,
293 4702 424 4771 ostensio,
445 4710 472 4757 et
489 4704 642 4773 prophetia,
663 4712 690 4760 et
715 4704 825 4761 lucerna
841 4704 916 4761 serbi
930 4703 978 4759 bei
1029 4700 1063 4756 de
1076 4701 1182 4758 levibus
1198 4703 1319 4773 peccatis
1333 4719 1395 4759 cunt
1407 4703 1508 4773 quibus
1521 4701 1654 4756 morimur
1666 4714 1715 4771 per
1731 4700 1821 4770 ignem

195 4793 332 4862 presentis
345 4793 498 4863 inJoanne,
511 4810 652 4865 perquem
667 4797 776 4865 clanrot,
793 4797 936 4867 praesentis
950 4797 978 4851 in
994 4798 1230 4886 „purgatorium
1255 4796 1334 4867 quasi
1351 4811 1399 4866 per
1414 4796 1592 4867 baptismum,
1616 4793 1821 4850 mundabimur.

196 4894 271 4941 earne
282 4895 422 4957 assumpta
434 4887 478 4942 cui
489 4885 628 4944 lohannes
643 4888 830 4944 testimonium
843 4890 976 4960 perhibet,
1031 4888 1110 4945 llnde
1125 4887 1273 4959 Apostolus
1294 4886 1511 4956 uniuscujusque
1527 4900 1598 4955 opus
1612 4884 1693 4955 quale
1705 4885 1741 4940 sit
1752 4884 1824 4955 ignis

196 4974 266 5042 justa
285 4979 370 5035 illud.
391 4979 514 5035 «Paravi
534 4979 792 5036 lucernamChristo
814 4997 875 5038 meo
890 4980 977 5053 (reat.

198 5068 291 5137 tuit).
310 5088 319 5119 ι
336 5066 414 5124 Viam
437 5068 542 5124 bomini
555 5070 657 5139 dirigit,
672 5070 719 5139 qni
737 5070 859 5127 ueritatis
875 5086 980 5126 sermo·

199 5170 255 5210 uem
266 5159 494 5216 humiliterandit.
507 5159 585 5215 lliam
595 5160 802 5231 bominidirigit
813 5161 860 5231 qui
873 5161 906 5216 ad
914 5177 980 5233 prae-

199 5260 267 5317 cepta
279 5251 337 5321 ejus
349 5252 433 5307 vitam
458 5260 603 5325 praeparat.
631 5250 708 5306 Unde
732 5250 798 5305 illud
814 5268 820 5305 :
839 5269 848 5301 r
872 5248 900 5305 Si
916 5251 979 5321 quis

197 5338 329 5412 diligitme
351 5358 505 5399 sermonem
526 5359 618 5399 meum
635 5342 753 5399 servabit
769 5340 859 5413 (loon.
876 5344 943 5413 ιιι),
966 5362 976 5395 i

232 5451 242 5484 ι
254 5432 284 5489 Et
296 5438 342 5507 qui
358 5437 435 5492 missi
454 5436 563 5493 lucrant
575 5445 654 5491 erant
667 5452 701 5491 ex
716 5434 872 5491 Pharismis.
885 5434 918 5490 Et
935 5435 978 5490 in·

193 5532 395 5598 arrogaverunt
406 5529 521 5584 eumsst
530 5528 658 5585 dixerunt
668 5528 692 5584 ei
706 5528 794 5595 :Quid
807 5544 877 5599 ergo.
887 5528 978 5597 bapti-

189 5630 241 5671 :as
254 5618 275 5673 si
290 5629 317 5673 tu
332 5636 386 5675 non
399 5638 428 5675 es
439 5620 566 5678 Christus
577 5634 666 5690 neque
674 5618 746 5685 Elias
759 5635 846 5691 neque
862 5620 978 5690 prophe-

190 5712 235 5765 tat
245 5732 253 5765 ι
263 5714 352 5785 (loon.
366 5717 397 5785 ι.)
413 5714 700 5772 AudierantPharisrei
712 5716 738 5770 in
748 5715 887 5786 prophetis
896 5714 978 5769 Chri-

180 5812 415 5865 stomrentorunr
427 5809 671 5882 othaptizaturum,
680 5806 981 5865 scientcsetiamlorda-

1031 4979 1159 5054 probabit
1171 4977 1199 5047 (l
1213 4976 1276 5033 Cor.
1288 4976 1359 5049 tul.»
1369 4974 1542 5047 Evangelista
1558 4972 1679 5031 loannes
1691 4974 1801 5045 scripsit
1813 4994 1821 5030 :

1034 5089 1044 5124 ι
1067 5070 1153 5141 Cujus
1164 5086 1219 5126 uon
1239 5085 1302 5126 sum
1325 5070 1425 5141 dignus
1439 5078 1469 5125 nt
1482 5069 1587 5125 solvam
1601 5068 1662 5139 ejus
1676 5070 1827 5141 corrigiam

1031 5164 1207 5221 calceamenti
1220 5163 1311 5235 (loon.
1329 5164 1377 5233 ι),ι
1392 5162 1466 5234 quod
1480 5164 1513 5217 ad
1531 5162 1691 5233 mysterium
1705 5170 1821 5233 spectat.

1031 5252 1090 5310 llos
1104 5255 1177 5324 apud
1188 5264 1293 5311 veteres
1307 5254 1358 5310 luit
1372 5268 1402 5310 ut
1413 5256 1436 5311 si
1450 5255 1513 5326 quis
1522 5270 1584 5311 eam
1597 5270 1659 5326 qnae
1676 5254 1728 5310 sihi
1745 5268 1822 5310 coru·

1032 5353 1136 5415 peteret
1146 5346 1269 5415 accipere
1284 5361 1396 5402 uxorem
1408 5348 1502 5414 nollet,
1514 5346 1559 5401 ille
1570 5346 1595 5401 ει
1608 5344 1823 5401 calceamentum

1032 5440 1151 5495 solveret
1167 5439 1214 5510 qui
1226 5439 1290 5509 jure
1302 5441 1515 5511 propinquitatis
1528 5454 1588 5495 eam
1603 5438 1655 5495 sibi
1673 5437 1823 5508 desponsa·

1033 5538 1083 5585 ret.
1104 5529 1232 5587 Christus
1246 5540 1336 5588 autem
1350 5547 1468 5602 sponsus
1480 5530 1608 5586 Ecclesiae
1620 5527 1681 5594 luit,
1692 5534 1724 5582 ut
1737 5523 1824 5581 ioan·

1032 5639 1081 5679 nes
1094 5624 1132 5678 ait
1150 5641 1157 5675 :
1178 5640 1187 5675 ι
1208 5622 1260 5689 Qui
1287 5624 1369 5678 habet
1391 5637 1520 5693 sponsam
1542 5634 1661 5690 sponsus
1674 5627 1716 5675 est
1729 5616 1822 5689 (lona.

1033 5716 1086 5780 nd.
1104 5734 1113 5767 ι
1133 5714 1211 5771 Unde
1231 5714 1362 5779 loannes,
1387 5716 1435 5786 qui
1462 5713 1588 5768 Christus
1615 5726 1678 5769 esse
1707 5708 1828 5782 putaba-

1034 5816 1089 5877 tur,
1105 5816 1178 5864 rccte
1194 5823 1223 5865 se
1233 5798 1374 5880 indigerem
1389 5820 1449 5863 erse
1462 5803 1605 5862 denuntiat
1615 5802 1649 5865 ad
1662 5801 1839 5871 solrmdnnt
