4017 6342
719 374 878 434 curruum
897 363 1040 433 tuearis
1062 376 1324 438 viunecinnusis

1788 383 1840 440 ilss

205 503 243 550 est
260 493 340 562 qnasi
356 491 437 552 arbor
451 493 510 550 sine
525 491 625 548 radice.
646 487 833 546 iti-baianum
850 507 910 562 quac
925 491 991 546 radi·
1010 494 1034 550 ‚t
1047 508 1062 547 a
1076 503 1167 563 quaet
1180 494 1512 550 eeiisecrationembabct.
1528 493 1602 551 llluin
1619 495 1752 566 siquidem
1763 499 1840 568 prins

201 601 262 642 cem
278 600 333 642 non
349 587 441 652 babet.
458 583 565 643 etiamsi
588 580 651 638 lolia
669 580 778 650 babeat,
796 581 911 638 irnetuin
924 583 995 640 leri-c

201 675 360 736 nullatenus
381 677 462 732 valet.
477 675 519 730 dd
541 671 696 744 huiusmodi
722 673 847 730 arborem
868 673 994 732 Cliristus

201 766 311 838 qnileni
327 767 453 834 accessit,
465 773 493 822 et
507 780 569 821 eino
585 765 622 822 ibi
636 765 752 820 lmctum
766 782 819 822 non
834 767 993 834 invenisset,

202 872 263 913 eam
280 856 418 912 maledixit
431 855 529 926 (llere.
546 871 588 922 xi,
600 855 644 922 te,
657 855 712 926 tt).
730 854 798 913 Tela
810 860 904 930 utique
920 861 993 920 urdie

200 945 276 1003 natis
295 947 414 1018 episcopi
430 946 458 1002 in
474 945 531 1002 sola
549 947 682 1003 electione
695 947 834 1020 consistit,
847 963 875 1008 et
894 969 993 1010 censc-

201 1040 335 1105 erat'oiie,
357 1039 381 1095 si
399 1049 491 1094 tamen
505 1038 578 1096 illam
594 1040 692 1098 electio
717 1050 793 1098 recta
808 1047 992 1114 prafeesseiit.

200 1125 263 1182 llaec
287 1135 377 1182 autem
397 1127 474 1198 prius
497 1135 745 1206 persemetipsum
770 1133 835 1192 lecit
858 1133 992 1204 cbristus,

199 1217 297 1274 deinde
317 1233 382 1274 vero
399 1219 494 1275 vicarii
512 1219 581 1290 eius.
597 1223 631 1279 Et
651 1229 678 1282 iii
692 1230 825 1300 apostolis
845 1228 954 1300 quidem
977 1245 994 1284 a

1047 594 1155 654 oportet
1168 587 1335 652 consecrari,
1352 587 1447 642 deinde
1458 601 1523 643 vcro
1538 595 1665 658 tanquam
1678 589 1774 645 ducein
1789 591 1840 645 lie·

1045 675 1134 734 elesiae
1143 678 1232 739 sacris
1245 677 1397 749 insignibus
1409 678 1542 734 decorari.
1557 676 1586 732 Si
1601 679 1666 748 quis
1675 689 1767 734 antem
1781 682 1842 735 ciii·

1045 765 1112 822 libet
1125 767 1248 823 seculari
1263 769 1391 837 potestati
1404 767 1455 823 ista
1468 767 1551 824 licere
1565 777 1653 838 putat,
1664 778 1749 826 errat.
1762 769 1840 838 diuo

1044 858 1068 916 ιι
1083 858 1229 916 defendere
1240 860 1345 926 nilitnr,
1362 859 1549 930 apostolerum
1559 860 1723 927 doctrinam,
1737 870 1765 916 ct
1776 876 1839 916 saii-

1045 953 1081 1010 eti
1097 952 1215 1023 Spiritus
1227 969 1337 1010 sensum
1359 952 1500 1008 annullare
1516 952 1676 1008 desiderat:
1691 954 1765 1027 unde
1778 953 1834 1009 liae-

1045 1044 1149 1101 reticiis
1173 1059 1236 1100 esse
1266 1045 1421 1102 nuliatenus
1447 1044 1595 1100 dubitatur.
1623 1043 1686 1101 llaec
1707 1053 1838 1115 praeterea

1044 1133 1159 1190 baresis
1169 1133 1203 1190 de
1216 1134 1389 1201 iiivestitnra,
1410 1132 1433 1187 si
1448 1140 1523 1188 reete
1547 1133 1739 1204 perspiciatur,
1754 1133 1839 1189 ctiam

1044 1224 1157 1279 heresis
1172 1221 1327 1280 simoniaca
1338 1238 1412 1289 esse,
1426 1223 1487 1278 riva
1498 1232 1527 1280 et
1539 1238 1602 1279 vera
1619 1224 1727 1281 ratione
1737 1222 1837 1294 proba·

199 1307 308 1363 ¹l¹¹ll⁵¹⁰
319 1307 391 1364 taeta
408 1315 481 1374 sunl,
493 1311 621 1380 ltuoniaiii
633 1315 668 1372 ab
683 1318 742 1388 ipso
753 1319 838 1376 electi
853 1328 881 1376 et
895 1331 992 1376 conse·
1046 1323 1100 1370 tur.
1116 1314 1263 1386 Numquae
1276 1314 1416 1372 saecnlaris
1432 1323 1556 1386 potestas
1572 1315 1623 1370 sibi
1641 1316 1780 1372 vindicare
1797 1315 1839 1370 iii·

199 1394 413 1464 ciatiluerun13
434 1396 461 1451 in
483 1395 545 1453 aliis
564 1413 630 1458 veie
645 1407 786 1474 einiiibus,
802 1424 817 1463 a
834 1408 915 1465 nullis
932 1408 994 1466 aliis
1045 1407 1112 1464 titur
1125 1408 1324 1473 investituram,
1354 1407 1407 1463 nisi
1429 1415 1460 1462 ιιι
1482 1422 1532 1478 per
1545 1407 1609 1474 bec,
1622 1415 1670 1462 ant
1692 1407 1839 1478 pecliniam

199 1485 258 1541 lleii
275 1485 350 1551 lieet,
366 1485 445 1540 nisia
464 1485 575 1544 vicariis
586 1487 698 1550 Cbristi.
712 1497 781 1553 Sunt
793 1507 883 1554 antero
897 1497 994 1552 vicarii
1044 1506 1218 1567 extorqueat,
1239 1506 1296 1564 ain,
1320 1497 1393 1568 qnod
1413 1505 1455 1554 est
1473 1497 1595 1568 gravius,
1607 1497 1660 1554 sibi
1685 1497 1840 1554 inordinate

199 1579 301 1634 Christi
325 1579 417 1635 cleriei
436 1580 463 1636 iii
487 1579 639 1654 electione,
664 1587 784 1660 episcopi
804 1589 831 1645 iii
846 1603 993 1646 eonsecra-
1045 1590 1195 1662 subjectam
1209 1589 1310 1646 ellieiat
1329 1589 1468 1660 pontilicis
1493 1590 1658 1662 personam?
1679 1588 1775 1645 Nullus
1795 1598 1841 1646 est

200 1671 285 1728 tione.
299 1670 396 1730 Caeleri
414 1688 509 1734 emines
523 1688 615 1750 petere
629 1678 737 1750 quidem
752 1681 908 1753 episcopum
930 1695 994 1753 pos·
1045 1680 1140 1751 ntique
1151 1680 1296 1747 laicorum,
1309 1681 1416 1737 etiamsi
1440 1682 1464 1737 ei
1483 1681 1586 1742 liceret.
1599 1681 1646 1752 qui
1661 1689 1736 1737 tanta
1749 1681 1838 1736 inten-

200 1773 278 1832 suiit3
291 1765 391 1838 eligere
405 1783 471 1826 vero
485 1769 528 1826 vel
541 1785 703 1830 consecrare
715 1789 767 1828 non
782 1783 905 1842 possunt.
927 1771 992 1840 Qni-
1045 1769 1119 1826 tione
1132 1767 1274 1836 annulum,
1287 1769 1331 1825 vel
1345 1770 1450 1840 virgam
1471 1769 1537 1826 darc
1550 1769 1699 1839 desideret,
1718 1770 1771 1826 nisi
1790 1785 1841 1840 per

200 1872 305 1925 euinque
332 1857 416 1929 igitur
437 1861 492 1917 alie
505 1862 596 1930 niodo,
611 1864 689 1934 quasi
710 1865 761 1923 snb
775 1864 884 1920 nomine
902 1864 991 1936 ponti·
1008 1830 1030 1892 Β
1046 1864 1114 1928 bace,
1127 1878 1188 1934 qnae
1211 1871 1276 1918 sunt
1297 1870 1469 1918 sacramenta
1491 1862 1628 1929 Ecclesiae,
1643 1863 1840 1934 temporalibus

199 1947 277 2016 liris,
292 1947 441 2006 Ecclesiam
462 1952 505 2008 rel
520 1962 682 2024 potestatem
703 1954 918 2012 ecclesiasticam
939 1956 991 2012 sibi
1043 1952 1128 2010 lucris
1141 1952 1269 2008 iiiliiaret.
1283 1951 1374 2008 Laicis
1384 1952 1493 2020 quidem
1508 1961 1681 2008 sacramenta
1694 1954 1729 2009 ali
1742 1952 1838 2010 Eccle-

199 2039 340 2096 vindicare
351 2042 501 2110 praesumit,
515 2044 562 2100 liic
571 2044 629 2115 jam
641 2061 695 2102 non
714 2059 763 2116 per
775 2047 874 2102 ostium
896 2047 992 2116 intrat,
1044 2047 1083 2102 sia
1094 2046 1233 2117 suscipere
1243 2045 1379 2111 licet,iie:i
1392 2044 1520 2100 Ecclesiae
1530 2044 1838 2114 qiiielibetsacraiiienta

201 2129 248 2184 ied
262 2129 373 2188 aliunde
391 2133 525 2200 aseendit,
539 2135 678 2198 inmerito
695 2151 747 2190 noii
761 2135 832 2191 inter
850 2137 994 2210 episcopos
1044 2139 1120 2206 daie,
1143 2137 1262 2194 annulus
1276 2145 1366 2192 antem
1381 2147 1409 2192 et
1423 2136 1510 2208 virga,
1524 2136 1632 2205 quando
1646 2135 1681 2190 ab
1701 2134 1756 2190 illis
1768 2135 1837 2190 diiii-

201 2229 386 2290 cumputetur,
400 2221 447 2278 sed
465 2223 537 2280 inter
561 2223 637 2282 lures
651 2234 679 2280 et
702 2223 824 2282 latrones
845 2241 994 2283 connume·
1045 2238 1100 2294 tur,
1127 2246 1142 2286 a
1164 2229 1263 2301 quibua
1277 2229 1337 2284 dari
1363 2229 1475 2293 debent,
1496 2238 1526 2284 et
1547 2228 1667 2296 quando,
1693 2235 1721 2282 et
1736 2226 1795 2291 ubi,
1810 2234 1840 2282 et

200 2319 279 2368 retur
301 2309 394 2384 (donn.
417 2329 445 2379 r,
468 2312 507 2386 ι).
530 2313 737 2380 investituram,
754 2330 835 2386 quam
858 2316 891 2372 ile
912 2333 993 2372 iiiaiiii
1045 2321 1180 2393 quomode
1203 2319 1312 2386 debent,
1333 2319 1505 2376 sacramenta
1533 2317 1658 2373 Ecclesiae
1671 2317 1838 2380 suiit‚sient

200 2397 263 2454 laici
288 2401 432 2470 accepistis
449 2417 497 2474 pet
511 2403 674 2473 buslotulem
702 2405 821 2476 lituum.
837 2404 919 2462 silere
939 2421 992 2462 non
1044 2412 1096 2478 sal,
1112 2420 1140 2467 et
1154 2426 1235 2482 aqua,
1247 2419 1276 2468 et
1288 2411 1412 2482 quedam
1425 2410 1489 2476 alia,
1505 2410 1566 2466 siiie
1580 2409 1679 2479 quibus
1693 2407 1836 2464 bominum

202 2490 303 2557 debeo,
320 2505 371 2547 nee
395 2492 468 2564 loqui
490 2492 550 2550 sine
573 2494 683 2562 dolore,
708 2497 779 2566 quoil
805 2497 839 2554 ad
863 2497 994 2568 majorem
1045 2512 1073 2558 et
1098 2501 1280 2558 Ecclesiarum
1298 2499 1519 2557 consecrationes
1541 2500 1598 2554 lieri
1634 2515 1689 2554 non
1713 2507 1837 2569 possiunt

201 2581 331 2650 iniuriam
350 2593 454 2640 sanctas
478 2583 607 2642 Ecclesiae
632 2585 659 2641 iii
684 2587 790 2644 occulto
814 2587 916 2644 iactum
940 2603 994 2643 nnn
1046 2589 1161 2662 Semper
1171 2591 1257 2647 laicus
1269 2592 1302 2647 de
1317 2590 1490 2656 investitura,
1509 2598 1538 2645 iit
1552 2589 1680 2654 diximus,
1693 2598 1740 2644 ant
1755 2605 1839 2660 pecn-

200 2674 270 2740 tuit,
296 2673 344 2730 ⁸0¹¹
367 2674 485 2746 publice·
509 2675 561 2744 0ιὶ
584 2685 676 2734 utilem
695 2693 859 2750 cognoscere
880 2678 993 2735 volucrit
1046 2684 1120 2740 iiiam
1140 2683 1191 2740 sibi
1208 2683 1347 2748 riudicat;
1363 2692 1411 2736 ant
1428 2682 1501 2752 quod
1522 2691 1564 2736 est
1577 2681 1704 2752 amplius,
1717 2682 1838 2751 episcopi

202 2765 268 2835 quid
291 2765 464 2824 eaibolicaet
475 2767 624 2839 apostolica
637 2768 760 2826 Ecclesia
779 2769 813 2825 de
833 2769 994 2826 investitura
1045 2775 1088 2828 vei
1102 2772 1209 2828 abbatis
1222 2787 1374 2842 persenam.
1392 2770 1449 2826 llac
1467 2772 1560 2842 utique
1581 2787 1637 2826 oen
1650 2781 1704 2826 tam
1717 2773 1838 2826 bumana

201 2857 333 2924 seiiserit;
356 2857 421 2927 qnid
443 2859 577 2927 decuerit,
598 2860 665 2931 qiud
683 2860 848 2932 judicaverit
871 2861 954 2934 110
967 2871 996 2920 et
1045 2880 1128 2936 qnam
1141 2863 1274 2920 diabolica
1296 2862 1464 2934 malignitate
1485 2862 1567 2932 120
1582 2861 1702 2918 Ecclesia
1722 2861 1839 2916 catlioli·

201 2949 386 3018 constituerit,
403 2949 476 3020 leqtu
497 2952 526 3008 'vo
545 2953 636 3023 prime
649 2953 769 3025 capitulo
786 2953 860 3010 illius
874 2954 993 3016 eoiicittt.
1046 2971 1107 3013 cain
1134 2955 1227 3022 iidem,
1251 2955 1405 3010 libertatem
1428 2935 1634 3008 et'eastitatem
1649 2950 1762 3012 amittit.
1778 2951 1840 3007 sine

201 3037 274 3108 iiiiod
285 3047 405 3111 tempere
420 3040 544 3112 Gregorii
566 3044 675 3114 septimi
685 3061 762 3116 papae
774 3043 876 3100 lactum
891 3052 943 3100 est.
959 3043 994 3100 Et
1046 3047 1225 3120 quibusnulla
1237 3047 1343 3103 ratione
1354 3045 1489 3101 subsistit.
1503 3043 1565 3100 llice
1580 3043 1681 3100 etenim
1695 3043 1746 3097 tria
1763 3057 1838 3097 seni·

201 3129 239 3185 ibi
250 3145 345 3190 eianet
357 3132 483 3200 clericos,
501 3136 550 3205 qni
572 3136 605 3192 de
625 3151 709 3194 inanit
721 3136 785 3192 laici
805 3135 994 3194 investituram
1008 3169 1031 3231 C
1046 3128 1095 3210 pei
1108 3139 1227 3195 Ecclesia
1242 3140 1344 3195 babere
1358 3139 1449 3204 debet,
1463 3153 1580 3210 quorum
1592 3136 1634 3191 ιιι
1650 3137 1674 3191 si
1688 3151 1773 3191 unuin
1788 3135 1838 3190 dt·-

201 3220 364 3291 inseipiuat,
378 3223 522 3281 haereticos
533 3235 654 3294 vocatos,
666 3237 694 3283 et
706 3227 766 3286 ideo
781 3227 924 3282 damnatos
933 3241 995 3285 esse
1048 3231 1139 3297 inei-it,
1152 3231 1226 3288 velut
1245 3230 1395 3306 paralytica
1411 3231 1495 3302 jacet,
1514 3245 1565 3286 nee
1584 3229 1697 3300 ligandi,
1710 3242 1760 3284 iiec
1782 3227 1840 3282 sel-

201 3326 230 3371 et
243 3317 493 3378 excommunicates
503 3318 633 3376 inreniet.
646 3319 722 3376 Licet
736 3318 809 3376 enini
820 3319 872 3375 alia
884 3320 996 3378 baeresis
1046 3324 1126 3380 vendi
1141 3331 1304 3393 potesuatem
1319 3322 1412 3377 babet.
1432 3320 1508 3376 llanc
1520 3319 1602 3389 igitur
1619 3318 1774 3390 quicunque
1785 3318 1838 3374 sub

201 3407 235 3462 de
250 3405 413 3464 investitura
432 3407 552 3474 dicatur,
572 3409 810 3476 aliaSiuioiiiaca;
831 3411 884 3466 ista
904 3419 995 3470 tannen
1046 3415 1137 3486 speeie
1151 3413 1269 3484 pastoris
1281 3413 1423 3482 suscipere
1444 3410 1596 3482 praesuunt,
1613 3409 1642 3463 lit
1657 3408 1836 3480 paralyticus,

201 3511 261 3568 qnae
274 3495 312 3553 de
322 3497 484 3554 investitam
507 3500 616 3567 dicitnr,
637 3511 734 3558 contra
757 3509 879 3558 sanctam
902 3501 995 3560 Eccle-
1046 3515 1073 3562 et
1085 3505 1212 3560 liaietiea
1228 3503 1302 3573 lepra
1313 3503 1438 3573 pollntns.
1455 3499 1533 3555 lllnm
1546 3515 1600 3554 noo
1610 3509 1748 3570 pastorem
1764 3496 1835 3553 lidii·

201 3589 275 3643 siam
299 3587 400 3649 tertiis
417 3588 564 3658 iaculatur.
590 3589 630 3652 ibi
648 3590 720 3648 enim
742 3593 769 3648 in
793 3592 889 3663 primis
906 3593 996 3650 ominis
1046 3595 1152 3652 cialiter
1163 3594 1236 3661 dice,
1251 3608 1301 3650 nee
1326 3593 1398 3650 illius
1416 3591 1538 3648 Pastoris
1556 3592 1603 3662 qui
1626 3591 1745 3646 animam
1759 3605 1838 3645 suani

201 3669 404 3742 ecclesiasticus
425 3679 493 3736 erile
518 3679 704 3748 confunditur,
725 3683 834 3752 qnando
851 3683 903 3740 lioc
923 3683 995 3754 quod
1046 3685 1135 3756 posuit
1150 3700 1200 3756 pro
1208 3684 1304 3740 ovibus
1316 3684 1373 3740 suis
1386 3682 1478 3756 (loon.
1497 3681 1590 3751 mil),
1601 3681 1742 3750 quodlibet
1752 3696 1841 3734 meni-

201 3770 349 3838 unicnique
363 3786 380 3827 a
394 3785 445 3826 sue
459 3781 651 3828 consecratore
671 3773 697 3828 in
712 3773 835 3830 Ecclesia
850 3791 913 3830 cum
930 3789 995 3832 oia·
1045 3775 1139 3830 bmm.
1151 3773 1206 3830 Sed
1232 3773 1276 3829 lui
1289 3783 1318 3830 et
1330 3773 1411 3836 latio,
1425 3783 1452 3828 et
1466 3772 1545 3843 lupus
1567 3781 1628 3837 est;
1641 3785 1705 3826 iiam
1724 3772 1758 3826 ad
1782 3771 1837 3826 liee
1862 3842 1866 3850 Ι

201 3861 408 3934 amnibusque
424 3861 461 3918 ibi
475 3863 654 3930 conventum,
667 3865 725 3920 dari
738 3853 828 3934 debet,
841 3881 857 3922 a
870 3867 994 3923 seculari
1046 3868 1121 3922 vinit
1134 3876 1164 3921 ut
1185 3865 1301 3932 iuretur,
1324 3873 1351 3920 et
1367 3865 1466 3936 rapiat,
1489 3872 1517 3919 et
1542 3872 1643 3919 mactet
1661 3864 1749 3935 (ibid,
1774 3863 1835 3930 llll.

201 3963 337 4025 potestate
358 3954 437 4025 prius
451 3953 595 4025 accipitur.
611 3954 688 4022 Quod
706 3956 794 4012 saneti
812 3957 928 4028 apostoli
939 3973 993 4014 non
1046 3955 1124 4013 Hanc
1137 3964 1227 4011 antem
1241 3953 1430 4011 detestabilem
1442 3953 1609 4023 impietatem
1623 3967 1677 4007 noii
1690 3953 1777 4008 solunt
1789 3953 1837 4022 qui

201 4044 293 4106 solum¹
312 4043 524 4112 interdixerunt,
541 4059 636 4101 verum
652 4047 735 4102 etiam
747 4062 843 4104 omnes
860 4048 932 4113 illos,
947 4049 994 4118 qui
1045 4050 1161 4118 iaciunt,
1181 4048 1230 4104 sed
1247 4046 1294 4118 qui
1318 4045 1494 4102 consentiunt
1509 4045 1551 4114 ei,
1565 4043 1686 4100 damnati
1698 4050 1772 4099 sunt.
1788 4042 1837 4100 llle

200 4145 251 4206 per
274 4135 432 4202 saecularem
452 4144 615 4208 potestatem
641 4137 798 4195 Ecclesiam·
817 4138 950 4204 obtinent,
979 4153 994 4193 a
1046 4153 1110 4195 veie
1123 4137 1271 4205 consentit,
1285 4139 1404 4206 qaieani
1415 4142 1497 4199 tacet,
1510 4133 1558 4205 qni
1570 4148 1632 4190 eain
1644 4149 1697 4189 iion
1711 4132 1838 4202 corrigit,

202 4229 478 4292 dliiistosibitradita
490 4237 625 4302 potestate
635 4231 844 4290 damnaverunt.
854 4231 886 4285 Et
897 4231 995 4288 merite
1045 4231 1131 4302 etqui
1146 4229 1171 4285 ei
1184 4227 1274 4299 palam
1303 4241 1358 4281 iieu
1378 4224 1550 4282 contradicit.
1574 4224 1608 4279 Et
1627 4240 1707 4280 neme
1720 4239 1763 4280 esi
1788 4223 1836 4294 qui

201 4320 320 4391 aptistoli
329 4320 431 4393 iudicio
441 4319 564 4392 Spiritus
574 4321 662 4377 sancti
672 4322 744 4379 lianc
757 4321 884 4379 heresim
897 4322 924 4376 iii
936 4323 995 4394 ipso
1045 4321 1232 4380 contradicere
1244 4319 1331 4389 palam
1345 4334 1399 4374 nen
1423 4317 1532 4384 delicat,
1559 4328 1588 4374 et
1603 4320 1700 4388 possit.
1721 4315 1802 4384 Nam,
1814 4308 1848 4372 si'

200 4411 331 4467 Ecclesiae
359 4410 497 4482 principie
525 4412 657 4467 damnare
684 4411 880 4476 decreverunt,
910 4427 994 4482 qnam
1045 4412 1149 4485 praelati
1165 4425 1220 4467 neu
1234 4409 1317 4466 babet
1335 4411 1538 4475 auctoritatem,
1554 4410 1637 4466 babet
1652 4419 1745 4466 tamea
1757 4411 1838 4466 cliiii·

200 4504 281 4576 lengo
294 4509 357 4576 pest
368 4511 490 4573 tempere
501 4516 534 4558 cx
545 4511 624 4572 patra
637 4501 746 4557 diabole
757 4501 923 4559 nascituram
935 4519 994 4560 essa
1008 4502 1033 4563 b
1047 4499 1127 4557 stiani
1143 4514 1249 4565 vocem,
1270 4507 1299 4552 et
1313 4497 1454 4570 Scriptura
1478 4499 1554 4564 dicit,
1568 4507 1595 4552 et
1608 4497 1745 4553 neminem
1761 4500 1837 4553 esei-

200 4595 396 4666 praevideruitt.
420 4592 490 4652 llum
512 4593 596 4662 iqitur
616 4591 686 4646 luico
706 4601 734 4646 et
759 4591 935 4662 investitura,
964 4604 992 4650 et
1045 4592 1108 4664 pit:
1126 4590 1284 4646 lloledietua
1302 4600 1352 4658 ert,
1364 4591 1410 4661 qui
1422 4591 1540 4660 proliitet
1552 4589 1670 4660 pladiani
1682 4607 1698 4643 ii
1710 4590 1839 4660 sanquine

201 4685 291 4740 oinnis
306 4684 388 4740 etiam
401 4681 629 4753 disponendarum
640 4679 883 4743 ecclesiastieamin
898 4698 990 4740 rerum
1045 4681 1114 4755 (lar.
1128 4681 1292 4753 savinuli),
1307 4681 1394 4744 idest,
1409 4695 1503 4737 vocein
1513 4696 1592 4736 suain
1603 4680 1638 4735 ab
1652 4679 1839 4750 increpatione

199 4781 341 4838 l'acnltasa
354 4780 456 4850 Spiritu
467 4775 629 4848 sancimqui,
639 4776 666 4831 iii
678 4763 808 4848 apostolis
820 4777 989 4849 loquebatur,

199 4881 298 4944 negata
314 4873 351 4926 sit
368 4869 476 4940 penitus
489 4876 517 4924 et
529 4867 687 4936 interdicta,
705 4869 750 4938 qui
767 4869 956 4926 investituram
975 4886 991 4926 a

199 4963 274 5020 laice
283 4961 414 5030 suscepit,
427 4975 481 5016 neri
492 4968 534 5016 est
542 4957 599 5027 iaia
611 4967 707 5015 centra
719 4959 856 5030 apostolos
874 4969 991 5030 tantum,

198 5054 256 5110 iiiie
267 5055 361 5107 centra
376 5051 522 5108 beniinum
529 5049 723 5122 apostolurum
733 5052 804 5122 qnod
816 5061 940 5108 sanetum
951 5065 993 5110 est

198 5145 314 5202 canibus
324 5143 449 5215 exponit.
462 5141 624 5200 investitura
634 5149 720 5210 cutm,
732 5142 766 5198 de
775 5159 829 5214 qua
841 5145 992 5215 loquimur,

198 5243 402 5291 sacrauientum
417 5241 470 5299 est,
487 5232 516 5289 id
530 5241 573 5289 est
585 5247 692 5290 sacrum
711 5233 831 5306 signum,
846 5250 901 5303 qno
917 5235 993 5306 prin·

198 5341 263 5396 ceps
274 5324 412 5389 Ecclesia,
424 5326 567 5397 episeopus
579 5325 997 5394 seilicet,ecaterislieuiinibus

199 5417 353 5472 secernitur
374 5418 479 5487 pariter
492 5427 574 5489 atque
595 5418 763 5491 dignoscitur
778 5437 786 5472 ι
801 5427 828 5474 ιι
842 5435 897 5490 qno
910 5435 992 5489 supin

201 5508 282 5584 119
296 5509 480 5566 Christianum
490 5526 600 5584 gregem
616 5527 681 5568 cura
698 5511 843 5583 pastoralis
854 5512 879 5566 ei
895 5512 992 5568 tribui-

200 5609 255 5652 ιιιι.
274 5595 350 5655 llaiic
363 5599 550 5658 investituram
570 5601 668 5658 abillo
687 5600 744 5658 sole
763 5600 901 5672 suscipere
911 5603 993 5659 debet

1045 4775 1161 4846 peceati.
1184 4771 1252 4828 lllnil
1266 4773 1351 4828 etiam
1365 4771 1468 4828 lactum
1483 4771 1648 4838 meminerit,
1670 4773 1744 4841 quod
1760 4772 1839 4826 asina

1047 4865 1152 4920 ictuum
1164 4864 1324 4934 propbetam
1339 4863 1404 4919 elim
1419 4862 1571 4920 correxerit
1582 4862 1678 4935 (bum.
1697 4879 1766 4931 arii,
1780 4864 1838 4934 28).

1047 4955 1168 5024 Quodsi
1190 4955 1273 5011 luerit
1295 4955 1428 5021 vitiosas,
1452 4953 1497 5010 vel
1516 4955 1636 5025 quolibet
1648 4953 1702 5009 alio
1722 4955 1840 5010 eiiniine

1047 5049 1157 5107 inlamis
1168 5049 1269 5116 laetus,
1282 5064 1338 5106 uon
1354 5048 1417 5104 ideo
1428 5048 1510 5105 silere
1524 5049 1615 5113 debet,
1627 5047 1758 5118 queniam
1773 5047 1838 5101 uni·

1046 5143 1144 5213 cuique
1157 5143 1295 5213 peccatori
1313 5156 1486 5200 communem
1499 5140 1629 5198 Ecclesiae
1647 5140 1739 5205 tidem,
1754 5155 1840 5210 quaiii

1046 5250 1124 5291 suani
1135 5249 1198 5290 esse
1209 5235 1297 5291 credit
1307 5244 1336 5291 et
1354 5235 1513 5300 conlitetur,
1526 5233 1684 5298 deleiidere,
1697 5242 1726 5288 et
1738 5241 1838 5287 centia

1045 5325 1104 5395 ejus
1120 5324 1292 5380 adversarios
1306 5323 1392 5379 libere
1411 5339 1533 5395 pugnare
1546 5321 1620 5378 lieet.
1635 5320 1704 5376 llam
1719 5319 1756 5376 illi
1771 5323 1839 5387 dno,

1045 5417 1132 5488 quiin
1148 5415 1273 5486 passione
1295 5414 1404 5470 Duinini
1423 5413 1547 5470 crucilixi
1566 5420 1629 5469 siiiit
1642 5428 1704 5468 euin
1719 5427 1765 5482 ee,
1779 5431 1840 5470 oin·

1045 5512 1109 5566 uino
1124 5509 1241 5566 inlames
1253 5517 1342 5575 erant,
1359 5524 1422 5564 nam
1434 5506 1535 5578 publici
1560 5508 1680 5562 latrones
1696 5522 1703 5560 :
1718 5522 1838 5578 querum

1044 5617 1115 5657 nnus
1130 5615 1183 5656 nou
1196 5608 1301 5656 tantum
1316 5599 1380 5670 quia
1394 5597 1521 5664 credidit,
1540 5597 1618 5668 121
1643 5596 1690 5653 sed
1704 5597 1768 5666 qnia
1782 5611 1841 5652 snae

199 5719 260 5764 tum
277 5713 405 5769 laieorum
425 5714 458 5768 ad
475 5714 589 5771 verbum
612 5715 739 5787 leguntur
763 5714 893 5785 opusculo
909 5714 930 5790 2
954 5719 992 5773 ad
1007 5713 1118 5780 Petrum
1132 5712 1230 5770 Leonis
1244 5712 1421 5782 cardinalem,
1435 5712 1481 5775 ubi
1510 5719 1699 5784 argenteolum
1728 5718 1840 5769 utrum«

201 5795 253 5858 qne
263 5790 361 5840 tractat
373 5799 406 5841 et
418 5784 552 5843 institute.
