4017 6342
120 416 170 471 895

576 422 863 481 bertonartot'tts
883 424 933 483 SS.
953 424 1107 485 retudit.
1127 458 1160 467 -
1180 426 1244 484 tto.
1265 428 1284 485 l.

1694 424 1749 485 ibi

118 546 246 603 magnus.
265 530 299 589 Ut
315 542 468 591 monstrant
487 538 577 607 magui
592 556 662 610 qnos
674 540 738 597 iacit
763 543 807 599 ille
823 544 906 615 magi.
921 556 1065 613 geomar,
1081 546 1145 601 dum
1159 546 1268 618 grauior
1283 546 1317 603 sit
1335 556 1361 602 et
1377 547 1463 619 magis
1478 550 1558 603 noxia
1576 550 1746 620 improbitas,

118 621 803 703 blentescunctorumqoaesuutnbiqueuirorum.
815 635 907 695 Esurit
957 636 1133 705 benignitatis
1149 638 1311 694 obumbrata
1333 638 1475 695 uelamine.
1503 638 1608 697 Etideo
1632 644 1755 726 carendi

118 724 198 786 abque
222 716 292 784 sitit,
314 734 436 789 quosque
464 730 554 791 potest
571 724 690 793 perimit.
718 724 770 780 Sed
786 728 907 787 modicos
957 738 1096 799 suntque
1111 730 1201 785 crines
1224 746 1280 785 sure
1299 728 1402 787 {randis
1417 740 1444 787 et
1463 732 1575 789 brachia
1591 732 1755 815 longelate·

116 809 178 863 lidei
196 810 321 865 trahit
314 827 342 865 ιιι
355 812 496 868 dulcedine
515 815 601 881 uerbi,
626 832 745 888 namque
775 820 828 876 lide
860 822 907 877 ilr-

112 914 174 957 mos
188 916 248 957 uon
271 903 353 957 trahit
366 904 411 960 illc
424 906 507 961 utros.
525 907 552 961 ln
575 923 630 978 quo
643 910 768 981 quisquis
778 911 904 981 confidit;

957 835 1011 889 que
1026 820 1197 891 dispergunt,
1208 821 1250 876 vel
1273 821 1391 893 speciem
1407 822 1523 878 induunt
1537 823 1744 881 multiformem.

956 907 1011 964 Et'
1004 911 1047 966 rsti
1063 912 1137 965 enim
1154 912 1246 984 polypi
1261 922 1326 967 stunt
1349 929 1437 969 nexus
1461 914 1594 983 plurimos
1613 916 1745 973 habentes

111 991 154 1047 rei
167 994 262 1063 specie
272 1004 374 1051 certam
389 996 440 1053 sibi
451 999 543 1055 mittit.
558 998 599 1055 hd
615 1003 707 1075 stygia
726 1012 791 1060 tunc
802 1007 907 1079 rapitur
955 1012 982 1057 et
995 1002 1155 1058 callidorum
1178 1004 1349 1075 ingeniorum
1364 1004 1489 1075 vestigia,
1509 1006 1610 1077 quibus
1637 1008 1745 1063 irretire

110 1104 194 1159 qnam
210 1092 283 1147 male
297 1092 442 1163 decipitur.

141 1178 187 1236 De
213 1199 325 1237 murena
348 1192 373 1237 ct
397 1185 495 1254 uipera.
527 1182 609 1257 liipcr
638 1194 681 1242 est
705 1186 904 1257 nequissimum

107 1288 198 1342 genus
224 1274 321 1331 bestia
345 1284 372 1330 ct
394 1292 476 1347 super
489 1292 570 1331 omrre
600 1279 674 1348 quod
696 1280 845 1351 serpentini
859 1296 905 1353 ge·

106 1363 372 1431 uerisestastutior,
382 1367 428 1421 nbi
439 1366 556 1423 coeundi
566 1369 741 1440 cupiditatem
752 1386 906 1442 assumpse-

104 1454 268 1512 ritmurena
277 1460 424 1527 maritima,
435 1470 527 1515 notam
540 1460 592 1516 sibi
601 1464 712 1533 requirit
723 1465 848 1535 copulam
861 1465 904 1519 rel

103 1563 209 1602 rumam
242 1562 398 1621 praeparat,
435 1568 634 1625 progressaque
662 1555 697 1611 ad
725 1556 802 1613 littus
824 1557 904 1613 sibilo

101 1641 259 1696 tcstilicata
274 1642 447 1713 presentiam
460 1644 502 1699 sui
516 1644 550 1699 ad
564 1645 734 1716 conjugalem
747 1646 903 1718 amplexum

99 1729 180 1785 illam
197 1746 309 1790 euocat.
336 1732 449 1789 llurcoa
468 1745 561 1791 autem
578 1737 690 1793 inritata
704 1753 758 1793 oon
772 1740 858 1809 deest,
875 1749 902 1797 ct

97 1834 253 1880 venenatae
268 1828 387 1897 serpenti
398 1827 532 1899 expetitos
545 1844 611 1885 usus
624 1845 681 1885 sure
695 1830 816 1901 impartit
835 1846 901 1888 cou-

955 1103 1072 1164 possunt
1096 1095 1228 1167 quidquid
1258 1097 1285 1151 in
1310 1096 1438 1167 scopulos
1465 1113 1522 1152 suae
1544 1097 1648 1153 haudis
1673 1100 1745 1155 inci·

955 1186 1035 1243 derit.

990 1278 1029 1333 De
1050 1294 1155 1335 cancro.
1180 1279 1301 1336 Caneros
1318 1280 1410 1335 uocari
1424 1280 1504 1346 quasi
1526 1282 1647 1348 couchae,
1662 1298 1744 1337 crura

954 1370 1096 1438 babentes,
1119 1370 1230 1427 inimica
1251 1371 1349 1427 ostreis
1373 1372 1520 1438 animalia,
1548 1386 1645 1427 eorum
1668 1373 1743 1427 enirn

954 1462 1084 1518 carnibus
1106 1462 1201 1518 uiuunt
1233 1464 1303 1519 miro
1335 1464 1454 1535 ingenio.
1484 1464 1608 1535 Namque
1626 1466 1743 1521 validam

953 1562 1051 1609 testam
1068 1554 1129 1623 ejus
1158 1555 1265 1625 aperire
1293 1572 1348 1611 non
1374 1567 1474 1628 potest,
1496 1558 1619 1629 explorat
1633 1560 1745 1629 quando

953 1654 1044 1701 ostrea
1059 1648 1181 1703 claustra
1203 1655 1335 1703 testarum
1361 1651 1476 1720 aperiat,
1501 1660 1567 1707 tunc
1593 1654 1744 1708 caucerlu·

953 1744 1041 1792 tenter
1067 1737 1174 1809 lapillos
1198 1738 1298 1809 injicit,
1324 1741 1548 1811 atqueimpedita
1567 1744 1746 1799 conclusione

953 1836 1049 1883 ostrcrc
1060 1812 1273 1885 carncs'erodit.
1302 1830 1425 1887 Tradunt
1443 1832 1554 1903 quidam
1576 1835 1668 1891 decem
1681 1850 1745 1891 eau-

91 1914 272 1984 junctionis.
294 1917 363 1985 Quid
391 1918 444 1975 sibi
467 1919 525 1975 rnlt
559 1935 651 1975 sermo
676 1921 834 1993 hujusmodi
849 1924 903 1980 uisi
921 1914 1008 1975 Beris
1027 1936 1089 1975 curn
1103 1921 1185 1976 ocimi
1204 1922 1344 1993 manipulo
1370 1922 1487 1995 alligatis
1511 1941 1607 1983 omues
1634 1927 1680 1997 qui
1704 1926 1742 1981 ibi

91 2006 239 2063 serendos
260 2024 322 2064 esse
342 2024 431 2066 mores
449 2011 616 2081 conjugum?
635 2014 704 2069 etsi
727 2016 828 2073 absens
846 2023 902 2084 cst,

88 2098 155 2171 cius
175 2101 380 2171 opperiendam
391 2103 574 2173 praeseutiam,
588 2105 650 2161 licet
658 2106 694 2163 sit
707 2122 798 2178 asper,
810 2107 902 2177 fallax,

87 2195 281 2262 inconditus,
290 2196 421 2263 lubricus,
434 2196 608 2253 temulentus.
616 2196 686 2263 Quid
699 2199 776 2269 pejus
787 2216 902 2269 veneno,

86 2288 170 2359 quod
190 2288 224 2343 in
243 2289 360 2359 conjuge
382 2304 495 2343 murena
520 2305 574 2343 non
591 2290 708 2363 refugit?
725 2289 827 2346 vocata
848 2308 903 2347 uon

85 2382 187 2442 deest,
203 2389 237 2435 ct
258 2381 395 2451 serpentis
407 2380 543 2437 lubricum
560 2383 656 2439 sedula
679 2382 812 2439 charitate
824 2399 902 2439 com-

86 2472 248 2544 plectitur.
266 2469 313 2527 llle
335 2480 382 2527 tua
397 2472 469 2527 mala
491 2481 591 2543 portat,
603 2482 630 2528 et
643 2474 763 2530 levitatis
775 2472 903 2532 iemiucae

86 2563 280 2631 facilitatem,
298 2571 326 2619 tu
337 2564 427 2621 virum
442 2576 518 2621 tuum
531 2581 585 2620 non
595 2575 682 2636 potes,
696 2567 804 2631 mulier,
820 2567 904 2623 susti·

88 2672 174 2714 uere.
194 2654 288 2711 Adam
305 2671 352 2726 per
365 2654 448 2711 Evam
467 2656 597 2728 deceptus
612 2666 655 2713 est
674 2656 751 2731 (deo.
768 2658 822 2729 ιιι),
846 2675 901 2714 uon

91 2750 152 2806 Era
178 2764 233 2819 per
260 2747 358 2802 Adam.
388 2747 474 2815 Quem
497 2748 604 2805 vocarit
627 2750 661 2805 ad
684 2749 791 2820 culpam
806 2749 902 2805 mulier

92 2844 210 2915 justum
235 2849 279 2895 est
293 2849 323 2895 ut
337 2856 400 2895 eum
425 2840 633 2911 gubernatorem
648 2850 784 2906 assumat,
800 2856 835 2897 ue
852 2841 902 2897 ite·

97 2949 161 2993 rum
181 2932 311 2989 feminea
329 2932 460 2988 facilitate
471 2933 587 2988 labatur.
609 2931 662 2989 Sed
676 2933 805 2990 horridus
818 2942 846 2989 et
860 2934 902 2989 in·

100 3027 196 3085 cultus
222 3035 276 3081 est.
296 3025 348 3081 Sed
373 3026 458 3081 semel
479 3026 581 3097 placuit
595 3024 754 3097 :Numquid
782 3026 824 3083 ιιι
847 3025 901 3084 ire·

953 2019 1018 2065 suut
1033 2012 1192 2082 scorpiones
1207 2013 1240 2069 ad
1263 2030 1326 2069 eum
1339 2015 1432 2071 locum
1447 2016 1577 2075 coituros.
1594 2018 1664 2073 Sunt
1677 2032 1743 2089 ergo

952 2100 1079 2158 homines
1092 2104 1140 2175 qui
1162 2105 1254 2159 cancri
1280 2120 1331 2159 usn
1359 2106 1386 2161 in
1407 2105 1503 2162 alienae
1525 2122 1606 2163 usum
1624 2107 1744 2163 circum·

952 2194 1110 2264 scriptionis
1124 2195 1253 2267 irrepant,
1264 2202 1291 2251 et
1305 2194 1488 2252 infirmitatem
1503 2199 1621 2269 propriae
1635 2199 1742 2257 virtutis

952 2298 1014 2343 astu
1036 2288 1156 2359 quodam
1178 2288 1346 2355 sudulciant,
1372 2287 1450 2344 iratri
1472 2290 1566 2346 duhtm
1586 2299 1695 2347 nectant
1715 2302 1744 2349 ct

952 2378 1066 2435 alterius
1078 2388 1226 2449 pascantur
1246 2394 1380 2435 aerurnna.
1396 2379 1437 2435 Tu
1450 2390 1540 2437 autem
1554 2382 1671 2453 propriis
1683 2393 1743 2439 esta

952 2480 1108 2539 contentus,
1128 2481 1155 2527 et
1170 2472 1258 2527 aliena
1270 2482 1297 2527 te
1309 2472 1408 2527 damna
1424 2489 1478 2528 uon
1504 2482 1627 2544 pascant.
1650 2474 1743 2531 Betim

952 2564 1030 2621 cibus
1044 2573 1087 2619 cst
1109 2564 1269 2634 simplicitas
1284 2564 1446 2619 innocentiae
1459 2580 1516 2620 suae
1540 2565 1611 2621 bona
1623 2566 1738 2632 habeus,

951 2656 1075 2713 insidiari
1098 2657 1186 2712 nescit
1206 2656 1313 2723 alienis,
1330 2672 1380 2711 nee
1400 2657 1522 2711 auaritiae
1541 2672 1598 2713 suae
1620 2655 1679 2713 iace
1700 2658 1744 2713 in·

951 2750 1078 2817 ardescit,
1091 2750 1135 2805 cui
1148 2750 1254 2805 lucrum
1270 2764 1351 2805 omne
1365 2748 1398 2805 ad
1413 2748 1544 2807 uirtutum
1569 2750 1741 2820 dispendium

951 2848 1004 2908 cst,
1019 2840 1053 2896 ad
1069 2839 1247 2911 cupiditatem
1263 2839 1431 2896 incendium.
1448 2838 1482 2895 Et
1496 2840 1557 2897 ideo
1572 2842 1649 2897 beata
1664 2852 1706 2897 est
1718 2846 1743 2899 si

950 2932 1022 2987 bona
1040 2947 1090 2987 sua
1105 2932 1209 2987 noterit
1220 2946 1282 2986 cum
1300 2932 1412 2987 ueritate
1426 2943 1581 3003 paupertas,
1606 2942 1634 2989 et
1654 2936 1744 2990 enitri-

950 3024 1001 3079 bus
1014 3021 1181 3094 praeferenda
1203 3023 1350 3093 thesauris,
1370 3024 1434 3094 quia
1454 3024 1550 3081 melius
1562 3025 1742 3097 estexigunur

102 3125 223 3190 queotcr
248 3123 292 3171 est
305 3116 445 3187 eligendus
457 3116 468 3171 i
481 3114 642 3186 Comparcm
656 3132 737 3173 suurn
753 3125 781 3173 et
793 3117 844 3173 bos
857 3134 901 3175 re-
949 3132 1013 3173 eum
1031 3116 1079 3171 liei
1094 3117 1202 3185 timore,
1220 3132 1303 3187 quam
1319 3116 1440 3172 thesauri
1463 3116 1552 3189 magni
1567 3116 1625 3173 sinc
1644 3118 1742 3171 titrrore

107 3210 204 3282 quirit,
228 3218 257 3265 et
271 3224 358 3278 equus
371 3210 468 3280 diligit,
485 3210 547 3266 etsi
564 3221 684 3267 mutetur
698 3211 779 3279 alius,
792 3211 900 3269 trabere

108 3302 206 3373 jugum
220 3298 331 3355 nescit:
347 3315 459 3371 compar
470 3300 581 3355 alterius
591 3300 633 3356 rel
646 3301 679 3357 ad
694 3318 723 3359 se
737 3318 793 3357 nou
808 3311 896 3358 tutum

112 3400 198 3465 putat,
224 3400 255 3447 ιιι
277 3392 397 3463 jugalem
422 3393 551 3463 repudias
578 3403 667 3461 trium,
684 3402 710 3449 ct
738 3405 819 3466 putas
840 3411 902 3452 esse

113 3485 285 3552 mutandum,
302 3493 329 3539 et
345 3484 368 3540 si
384 3500 440 3539 uuo
454 3484 554 3540 deserit
568 3486 621 3553 die,
636 3486 785 3557 suspicaris
803 3488 900 3543 ruina-

114 3578 175 3645 lem,
190 3588 219 3633 ct
234 3578 327 3632 statim
349 3578 486 3646 incognita
500 3592 584 3633 causa
599 3579 678 3649 quasi
698 3580 835 3651 cognitam
852 3596 902 3651 pu-

114 3668 187 3723 doris
205 3667 365 3739 exsequcris
379 3666 518 3738 injuriam.
542 3668 639 3741 Vipera
657 3670 797 3727 absentem
812 3672 902 3742 requi·

112 3761 161 3829 rit,
173 3763 314 3819 absentem
331 3770 455 3829 vocat,ct
476 3763 576 3818 blando
588 3762 738 3834 proclamat
752 3764 842 3829 sibilo,
860 3772 903 3819 at-

114 3870 172 3928 que
191 3856 234 3909 ubi
262 3856 409 3911 adventare
433 3872 589 3926 comparem
615 3857 745 3920 senserit,
768 3872 902 3911 terrenum

112 3947 225 4012 evomit,
240 3947 421 4001 reverentiam
440 3946 538 4001 ntarito
568 3946 693 4003 deterens
721 3946 901 4001 verecundata

114 4037 263 4106 nuptialem
281 4037 408 4108 gratiam,
425 4047 454 4093 tn
471 4038 579 4106 mulier,
592 4038 781 4093 advenientem
797 4038 899 4093 delon·

113 4130 217 4199 giuquo
231 4131 370 4197 maritum,
391 4130 564 4185 contumeliis
579 4131 697 4201 repellis.

153 4220 192 4276 De
210 4223 315 4293 polypo.
332 4222 452 4297 Polypus
470 4225 563 4293 piscis,
580 4224 663 4279 idest
681 4224 827 4293 multipes:
843 4222 904 4293 pin-

115 4315 203 4371 rimus
225 4317 298 4371 cuim
328 4332 414 4372 nctus
438 4316 527 4371 habct.
544 4315 597 4370 lstc
610 4315 767 4387 ingeniosus
792 4314 904 4369 hamum

116 4418 258 4476 appetens,
280 4409 420 4465 branchiis
436 4408 637 4479 complectitur,
655 4422 710 4463 non
722 4422 816 4462 morsu
831 4426 838 4461 ι
854 4422 906 4461 nec

114 4501 195 4568 prius
208 4503 320 4558 dimittit
340 4519 421 4573 quaro
443 4518 535 4559 escam
557 4501 772 4557 circumroserit.
797 4498 905 4555 i'adoso

951 3208 1012 3279 cius
1027 3208 1118 3277 (Pron.
1134 3210 1190 3281 xv).
1218 3206 1332 3263 Utamur
1345 3222 1411 3279 ergo
1437 3208 1546 3281 ingenio
1568 3208 1601 3263 ad
1618 3224 1743 3279 qumren-

951 3300 1013 3353 datu
1027 3299 1140 3369 gratiam
1151 3298 1301 3355 etsaiutem
1315 3296 1453 3361 tuendam,
1465 3295 1679 3359 nonadalienanr
1689 3298 1744 3353 cir-

952 3390 1188 3445 cumscribendam
1202 3390 1396 3445 innocentiam.
1413 3386 1488 3442 Licet
1499 3388 1579 3443 nobis
1593 3390 1632 3442 uti
1648 3404 1743 3443 erenr-

951 3482 1003 3552 plis
1016 3480 1160 3537 maritimis
1179 3482 1211 3536 ad
1235 3481 1387 3553 proiectum
1403 3488 1502 3535 nostrae
1516 3480 1622 3547 salutis,
1639 3497 1693 3537 non
1707 3481 1743 3537 ad

952 3574 1071 3629 alienum
1086 3572 1248 3644 periculum.

987 3663 1027 3719 De
1047 3664 1148 3719 echino.
1176 3662 1298 3719 Echinus
1324 3664 1375 3719 istc
1398 3672 1533 3727 terrenus,
1564 3676 1644 3732 quem
1663 3660 1745 3733 uulgo

952 3757 1067 3813 ericium
1092 3766 1202 3824 vocant,
1231 3757 1254 3812 si
1279 3756 1344 3827 qnid
1369 3756 1531 3813 insidiarum
1567 3756 1743 3827 persenserit,

953 3848 1040 3919 spinis
1056 3850 1114 3905 suis
1132 3850 1278 3915 clauditur,
1293 3858 1375 3919 atque
1387 3849 1414 3902 in
1431 3865 1481 3903 sua
1498 3864 1526 3903 sc
1540 3849 1642 3919 colligit
1655 3864 1743 3914 arura,

952 3951 984 3997 nt
1003 3942 1160 4012 quicunque
1182 3956 1243 3997 eum
1265 3941 1477 4009 contingendum
1501 3940 1637 4010 putarer-it
1650 3940 1745 3994 uulne-

953 4042 1037 4088 retur.
1062 4030 1189 4103 idemque
1203 4032 1317 4088 echinus
1334 4035 1425 4086 lutura
1449 4032 1608 4101 praevidens,
1619 4032 1744 4101 geminas

954 4125 1006 4180 sibi
1021 4125 1168 4195 respirandi
1184 4124 1241 4179 vias
1254 4127 1352 4191 munit,
1365 4134 1394 4179 ut
1407 4124 1517 4195 quando
1531 4124 1647 4193 ¹bocctun
1666 4124 1744 4179 dautu-

954 4234 1016 4273 rnm
1040 4218 1178 4289 collegerit
1199 4218 1434 4288 septentrionalem
1466 4220 1605 4282 obstruat;
1634 4218 1744 4287 quaudo

955 4322 1021 4367 noto
1034 4312 1191 4383 cognouerit
1207 4311 1295 4383 detegi
1307 4312 1379 4367 aeris
1394 4312 1486 4365 nubila
1502 4311 1534 4366 ad
1545 4311 1745 4379 septentriona-

956 4406 1010 4461 lem
1034 4422 1063 4463 se
1083 4404 1217 4471 conserat,
1232 4412 1262 4459 ut
1284 4404 1364 4459 llatus
1378 4404 1496 4459 declinet
1512 4402 1617 4468 obvios,
1633 4410 1685 4455 ete
1700 4416 1743 4455 re-

956 4500 1036 4569 gione
1051 4498 1202 4554 nocituros.
1220 4496 1283 4553 Haec
1294 4498 1327 4553 dc
1348 4496 1446 4551 echino
1461 4506 1579 4550 terreno.
1595 4492 1633 4549 lle
1647 4492 1745 4547 echino

115 4602 209 4648 autem
221 4593 249 4647 in
273 4595 363 4649 littore
377 4604 481 4664 petram
506 4602 603 4647 nactus
626 4590 743 4663 affigitur
765 4591 808 4658 ei,
824 4599 906 4660 atque
921 4607 943 4661 1)
958 4599 1048 4643 auteur
1064 4588 1171 4644 turarioo
1185 4588 1285 4643 dicitur
1298 4587 1371 4658 qdod
1383 4588 1419 4642 sit
1433 4586 1535 4642 animal
1548 4582 1746 4657 exiguttnr,uilc

114 4686 249 4742 nebuloso
272 4688 382 4758 iugenio
407 4686 528 4741 colorem
553 4686 637 4753 subit,
659 4693 687 4741 et
709 4686 793 4743 simili
814 4686 907 4757 specie

115 4786 194 4847 terga
208 4778 319 4835 obtutus
332 4780 465 4850 plurimos
476 4778 592 4849 piscium
606 4778 666 4834 sinc
682 4778 736 4833 ulla
750 4778 907 4849 suspicione

113 4869 223 4928 irartdis
236 4873 366 4943 allapsos,
381 4872 446 4927 tium
462 4888 517 4926 non
530 4879 683 4941 procurent
694 4880 723 4925 ct
736 4886 832 4926 sanum
847 4872 907 4942 opi·

113 4972 229 5030 narum,
250 4964 362 5019 casibus
376 4963 483 5017 furtivae
495 4963 562 5017 artis
577 4962 702 5030 includit,
714 4973 742 5018 et
759 4962 821 5019 sinu
838 4980 907 5034 quo-

111 5051 185 5106 dam
208 5072 263 5111 snae
290 5056 383 5111 carnis
420 5055 568 5125 intercipit.
585 5052 630 5109 Sic
657 5063 807 5124 spontanea
833 5055 907 5110 seuit

112 5149 223 5212 prada,
239 5160 266 5205 ct
282 5150 384 5203 talibus
405 5148 512 5218 capitur
527 5148 697 5219 argumentis
713 5163 719 5199 :
738 5148 830 5217 qualia
844 5157 907 5202 ιιιιιιι

108 5252 214 5297 eorum
228 5243 276 5315 qui
288 5242 428 5315 ingenium
443 5258 524 5298 suum
545 5258 616 5312 saepe
633 5249 813 5307 commutant,
828 5250 855 5295 ct
865 5242 908 5295 di-

107 5342 212 5391 versas
226 5334 341 5391 nocendi
354 5343 427 5391 artes
442 5344 561 5399 mouent,
578 5342 610 5389 ut
622 5332 791 5403 singulorum
803 5341 907 5387 mentes

104 5434 272 5500 marsusque
296 5437 457 5499 pertentent,
492 5443 555 5483 curn
592 5424 794 5482 contineutibus
822 5423 908 5479 conti-

102 5522 240 5576 tentiam
252 5523 442 5593 praedicantes,
457 5522 484 5575 io
498 5522 570 5575 coitu
586 5516 824 5588 irttemperantiurn
846 5528 908 5571 tan·

101 5622 203 5674 ¹iuam
215 5616 285 5671 derit
302 5616 337 5669 ab
352 5615 442 5671 studio
464 5614 609 5677 castitatis,
632 5623 660 5667 et
675 5610 792 5667 demersi
810 5611 909 5665 intem·

98 5705 250 5765 perunga,
280 5704 443 5769 volutabris,
458 5714 488 5759 nt
498 5705 545 5774 qm
556 5720 604 5758 cos
619 5704 733 5758 audiunt
745 5710 794 5757 aut
805 5702 906 5766 rident,

96 5789 230 5853 incauta
259 5798 390 5853 lacilitatc
404 5814 433 5853 se
455 5798 577 5863 credaut,
605 5796 788 5867 eoquecitius
811 5794 909 5849 labun-

94 5888 169 5945 tur,
182 5888 250 5945 dum
263 5890 430 5961 distinguere
454 5906 507 5947 uon
528 5896 639 5957 norunt,
652 5904 701 5943 ncc
713 5896 821 5942 caretur
834 5884 907 5957 quod

956 4698 988 4737 ac
1000 4682 1182 4751 despicalrilc;
1194 4682 1358 4737 ruaritirnum
1381 4682 1540 4749 pierumque
1556 4677 1636 4731 index
1648 4674 1745 4729 littura:

956 4775 1137 4843 tempestatis,
1157 4780 1205 4828 aut
1222 4772 1427 4843 tranquillitatis
1439 4770 1588 4825 antruntius
1603 4768 1672 4823 solet
1685 4782 1746 4823 esso

957 4866 1159 4937 navigantibus.
1187 4864 1309 4935 licitique
1340 4880 1402 4919 curn
1431 4863 1576 4933 procellam
1602 4868 1746 4915 uentorum

956 4959 1139 5030 promiserit,
1155 4957 1289 5012 calculum
1305 4956 1423 5011 ualidum
1448 4954 1554 5025 arripit,
1573 4967 1747 5023 eumqueue-

958 5052 997 5106 lut
1012 5052 1154 5106 saburram
1170 5048 1253 5113 relrit,
1265 5058 1292 5103 et
1306 5058 1435 5118 tauquam
1448 5048 1595 5103 anchoram
1610 5046 1702 5111 trahit,
1713 5059 1747 5099 no

956 5144 1111 5201 excutiatur
1125 5141 1261 5196 llnctibus.
1276 5140 1369 5210 ltaque
1382 5154 1437 5193 iton
1453 5140 1511 5193 suis
1525 5152 1554 5193 se
1567 5138 1667 5192 liberat
1682 5136 1747 5189 riri-

957 5238 1009 5293 bus
1033 5236 1080 5291 sed
1102 5234 1191 5289 alieno
1204 5232 1307 5288 stabilit
1320 5242 1347 5286 et
1360 5230 1430 5302 regit
1450 5232 1579 5301 pondere.
1604 5228 1664 5295 Quo
1677 5226 1748 5281 indi·

957 5330 1010 5395 cio,
1029 5338 1119 5383 nautae
1131 5328 1204 5381 uelut
1226 5324 1332 5397 signum
1355 5323 1453 5379 iuturm
1467 5320 1678 5393 perturbationis
1698 5332 1746 5371 ca·

957 5430 1081 5492 pessunt,
1097 5428 1124 5477 et
1138 5420 1189 5477 sibi
1207 5426 1359 5491 praecavent
1376 5432 1409 5471 ue
1424 5431 1472 5472 cos
1495 5416 1643 5485 imparatos
1667 5410 1747 5465 turbo

957 5514 1125 5585 improvisus
1149 5512 1278 5567 inueniat.
1304 5508 1381 5579 Saepe
1405 5508 1530 5563 ltomincs
1557 5502 1745 5559 contusionem

957 5608 1030 5662 aeris
1046 5605 1148 5671 rident,
1160 5614 1187 5659 et
1200 5618 1271 5673 scope
1285 5602 1416 5657 falluntur
1429 5598 1501 5669 quud
1514 5597 1673 5667 plerumque
1685 5607 1746 5647 eam

958 5703 1017 5756 uiue
1041 5706 1202 5769 tempestate
1227 5697 1388 5761 discutiaut3
1409 5693 1523 5748 echinus
1548 5704 1600 5743 non
1621 5684 1745 5740 fallitur:

957 5794 1086 5849 echittttnt
1111 5807 1158 5846 sua
1184 5804 1353 5860 nequaqnam
1377 5788 1453 5857 signa
1479 5789 1651 5853 praetereunt.
1670 5774 1747 5833 Unde

958 5886 1056 5957 cxi-gno
1069 5880 1180 5938 urrintuli
1194 5890 1266 5934 tanta
1283 5878 1403 5944 ariundo,
1425 5885 1451 5929 ut
1467 5873 1556 5928 inluta
1570 5866 1747 5942 prmrtttntieti
