4017 6342
126 293 203 352 lllll
611 313 900 373 DEFLOllelONES
920 318 971 376 SS.
991 319 1148 380 Persou.
1168 353 1204 366 -
1223 323 1288 381 tto.
1307 324 1339 382 lt.
1717 341 1796 398 libb·

124 421 246 514 i‘ssllssfss
262 417 350 520 eulpa
376 425 519 494 usquead
544 426 698 484 cruciatum
720 445 774 485 nou
790 431 1052 499 perreniretbriee
1077 434 1126 492 Dei
1150 435 1303 508 iungentes,
1321 455 1384 496 curn
1405 443 1506 515 qulbus
1532 446 1643 506 interim
1674 466 1787 511 causam

127 514 310 616 procurrentia,
335 515 386 570 sed
400 516 520 588 cogitata
539 519 650 576 afflietio
673 532 791 577 mentem
813 532 938 594 tergeret,
991 542 1069 583 suam
1082 529 1142 584 sine
1154 530 1275 600 periculo
1289 547 1368 604 agere
1383 547 1511 606 possunt.
1524 541 1626 598 Ament
1648 543 1788 602 interces-

130 614 219 704 quatn
236 616 373 660 nimirum
390 611 582 666 tantummodo
605 615 722 683 cogitata
748 614 878 685 iniquitas
896 616 940 671 in·
990 633 1079 688 sores,
1096 630 1123 675 ct
1135 622 1248 678 timeant
1256 623 1374 693 judices.

93 724 101 737 -
134 708 281 765 qtttnasse.
307 696 390 766 Quae
414 701 437 757 si
462 702 525 772 quis
549 703 601 758 boc
630 708 663 759 de
688 707 811 776 quolibet
841 708 940 763 delicto
1328 713 1441 772 ptumo,

136 787 205 842 uelit
231 789 368 860 accipere,
393 793 463 848 sciat
488 802 578 848 taurea
601 796 675 850 aliud
700 806 842 867 peccatum
867 814 938 864 esse,
1026 803 1212 869 Quorumdam
1229 806 1370 876 inquisitio
1383 819 1426 864 est
1448 810 1513 880 quid
1535 828 1604 882 opus
1616 815 1651 869 sit
1673 813 1728 870 Deo
1750 815 1785 874 ad

139 882 216 938 aliud
228 883 399 954 impietatem
415 886 531 956 peccati.
548 885 676 956 impietas
696 903 815 958 utrinque
835 891 939 959 peceati
989 894 1117 950 solvenda
1142 905 1252 965 peccata
1272 898 1415 954 homiuum
1447 901 1570 958 ltomiars
1592 915 1785 976 cooperatores

139 977 202 1048 ipsa
214 977 367 1033 rectissime
381 979 527 1034 obduratio
544 979 635 1034 cordis
650 980 792 1049 accipitur,
803 997 865 1051 qoae
879 985 938 1053 pri·
990 1003 1123 1060 quaerere,
1153 991 1231 1060 quasi
1254 1006 1302 1062 por
1324 1009 1354 1048 so
1379 993 1452 1064 quod
1476 995 1592 1052 noluerit
1618 1014 1673 1052 non
1695 1001 1785 1056 nataae

138 1085 218 1126 mum
234 1071 262 1124 in
277 1072 490 1142 compunctione
515 1071 641 1138 solvitur,
664 1081 695 1127 nt
710 1075 884 1143 postmodum
908 1075 938 1130 iu
989 1081 1149 1150 adimplere.
1173 1078 1225 1137 S'ed
1240 1086 1394 1146 certissime
1420 1087 1490 1142 scire
1513 1091 1644 1148 debemus
1664 1097 1737 1164 quod
1753 1094 1782 1150 in

138 1160 316 1218 confessione
335 1174 478 1233 peccatum
496 1165 596 1235 ipsum,
612 1165 640 1219 id
663 1174 706 1220 est
722 1164 843 1220 debiturn
858 1167 937 1222 dam·
989 1171 1163 1228 absolvendis
1173 1175 1291 1242 peccatis
1307 1192 1480 1248 nequaquam
1490 1179 1543 1234 Deo
1553 1185 1672 1238 bantana
1684 1199 1785 1256 coope-

137 1256 261 1312 nationis
277 1256 445 1312 absolvatur.
467 1255 517 1312 Sed
533 1258 591 1312 sire
606 1258 660 1313 boe
675 1259 733 1314 sire
745 1260 799 1314 alio
814 1276 939 1331 quocun·
988 1260 1060 1316 ratio
1072 1261 1246 1332 suffragetur.
1268 1263 1330 1321 ideo
1350 1273 1440 1323 tanuen
1461 1269 1599 1328 bominem
1622 1285 1782 1344 cooperatu-

137 1364 197 1420 que
220 1349 302 1404 modo
321 1349 459 1420 praedictae
482 1352 659 1406 auctoritates
681 1361 863 1421 exponantur,
886 1367 937 1409 uos
988 1365 1048 1406 rem
1065 1352 1136 1418 lieri,
1152 1355 1216 1424 quia
1233 1357 1308 1412 salus
1319 1363 1472 1427 peccatoris
1487 1379 1520 1417 eo
1531 1364 1613 1420 modo
1627 1376 1783 1436 competen-

136 1438 284 1496 terissime
295 1437 459 1495 confitemur
475 1441 630 1496 sacerdotes
649 1440 696 1494 Dei
710 1441 739 1496 in
753 1441 874 1498 Ecclesia
888 1459 939 1514 po-
989 1442 1044 1498 tius
1057 1444 1208 1514 perlicitur.
1223 1445 1293 1512 Quid
1307 1449 1380 1504 enim
1396 1461 1518 1520 peecata,
1535 1455 1589 1510 nisi
1610 1457 1696 1527 plag-,u
1709 1475 1785 1528 qim.

135 1539 267 1586 tcstatem
286 1531 388 1586 trabere
409 1532 511 1602 ligandi
534 1542 616 1603 atque
640 1533 773 1602 solvendi,
798 1549 854 1590 nou
875 1550 938 1605 per·
988 1533 1052 1589 dant
1069 1535 1190 1590 sontlet
1202 1536 1320 1608 quidest
1335 1540 1506 1608 poeuiteutio,
1519 1544 1571 1598 nisi
1584 1546 1735 1602 medicina?
1750 1547 1785 1604 Et

136 1623 279 1678 iunctorie
293 1624 426 1679 inusitato
445 1624 563 1693 quodam
584 1640 684 1695 genere
701 1625 829 1696 loquendi
849 1626 938 1697 signi·
988 1628 1093 1684 seimus
1106 1629 1215 1698 quidem
1236 1631 1263 1686 in
1289 1633 1419 1688 sanandis
1435 1635 1591 1694 vulneribus
1608 1643 1710 1708 carnis,
1729 1643 1783 1700 uisi

136 1716 264 1782 dicatam,
286 1716 334 1771 sed
358 1715 527 1769 veracitera
554 1715 611 1771 Deo
634 1731 812 1785 concessam,
836 1718 938 1789 quibus
970 1734 1143 1792 ¹congruum
1172 1723 1336 1780 adbibeatur
1361 1727 1512 1784 remedium
1551 1731 1651 1800 dolori,
1678 1750 1785 1808 nequa·

134 1805 246 1860 dictum
259 1819 301 1862 est
313 1825 339 1861 :i
354 1807 475 1874 Quorum
488 1809 649 1864 remiseritis
659 1819 779 1879 peccata,
791 1811 936 1866 rernittun-
953 1789 1071 1882 Bquam
1094 1814 1219 1884 sequitur
1235 1814 1349 1870 effectus
1368 1819 1531 1876 curationis.
1547 1819 1616 1888 Quia
1641 1838 1707 1894 ergo
1733 1839 1785 1896 per

135 1905 186 1951 tur
200 1898 242 1953 eis
255 1916 262 1952 :
274 1907 301 1952 et
315 1904 431 1969 quorum
443 1896 619 1966 retinueritis,
634 1911 740 1956 retenta
751 1911 832 1956 erunt
843 1901 938 1972 (loon.
988 1902 1144 1972 superbiam
1157 1917 1266 1958 omnem
1283 1915 1425 1975 peecatum
1440 1909 1553 1979 geritur,
1567 1928 1678 1970 necessa
1694 1925 1735 1970 est
1752 1923 1783 1972 ut

131 1990 198 2060 xx).
217 2008 226 2042 t
242 1989 295 2045 Sed
308 1990 376 2045 lorte
387 1991 449 2061 quis
462 1999 580 2061 opponet
590 1994 654 2060 quia
666 1991 823 2050 sacerdotes
834 1995 936 2051 multos
986 2008 1036 2064 per
1054 1994 1233 2050 burnitiratcm
1251 1999 1342 2053 omnis
1367 2001 1529 2069 poenitentia
1549 2004 1703 2070 canebatur,
1714 2023 1783 2077 qua·

133 2082 225 2154 ligant
247 2084 275 2138 in
297 2082 429 2151 Ecclesia,
446 2088 493 2150 qui
514 2086 585 2155 apud
608 2086 694 2140 Deum
710 2103 763 2141 non
789 2087 935 2158 ligantur:
988 2095 1067 2170 tenus
1089 2089 1302 2146 inobedientiam
1334 2093 1487 2149 obedientia
1514 2095 1630 2167 frangat.
1645 2101 1782 2156 etelatio-

132 2176 259 2245 itemque
273 2175 375 2232 multos
392 2177 513 2243 solvunt,
528 2177 574 2248 qai
593 2179 665 2248 apud
682 2177 767 2233 ileum
782 2179 857 2252 liqati
873 2196 936 2251 per·
986 2179 1031 2234 nis
1057 2188 1191 2236 tumorem
1218 2181 1379 2238 humilitatis
1400 2185 1507 2239 devotio
1531 2196 1645 2257 premat.
1676 2188 1785 2245 Conve-

133 2275 261 2323 manent.
278 2266 330 2323 Sed
350 2283 422 2339 saepe
442 2277 469 2324 ct
491 2269 650 2327 innocentes
663 2272 757 2342 liquat,
771 2281 799 2328 et
813 2274 840 2327 in
858 2283 935 2330 reatu
986 2269 1067 2325 niens
1081 2285 1146 2342 crgo
1158 2271 1236 2328 ralde
1249 2280 1301 2339 est,
1318 2281 1349 2328 ut
1361 2288 1412 2328 rios
1428 2275 1474 2344 qui
1491 2279 1630 2345 peccando
1645 2277 1701 2333 ileo
1715 2295 1783 2336 con·

132 2372 327 2431 permanentes
337 2364 491 2428 absolvunt,
504 2372 532 2418 et
542 2362 685 2420 siercrunr
697 2381 753 2421 uon
763 2367 831 2422 crit:
842 2387 851 2419 c
861 2367 935 2436 Quo·
987 2369 1109 2418 tumaces
1127 2362 1230 2420 luimus
1244 2365 1402 2434 poenitendo
1413 2368 1495 2422 etiam
1513 2370 1600 2424 sertis
1615 2368 1663 2425 Ilei
1677 2371 1785 2442 suppli·

132 2469 199 2508 rum
212 2455 374 2510 remiseritis
393 2469 503 2526 peccata
516 2457 689 2512 remittentur
704 2460 755 2528 cis,
769 2469 797 2515 et
815 2477 935 2531 quorum
985 2454 1139 2522 cessimus,
1154 2466 1180 2510 et
1204 2457 1287 2510 borno
1302 2457 1347 2526 qui
1369 2457 1403 2512 ad
1426 2455 1473 2512 Dei
1487 2459 1602 2528 gratiam
1616 2475 1783 2518 conservan-

132 2546 307 2602 retinueritis
321 2556 426 2602 retenta
443 2557 523 2604 ecum
540 2546 630 2620 (loon.
647 2551 734 2616 xri.»
985 2548 1048 2603 dant
1080 2550 1230 2604 mediatore
1252 2567 1306 2605 non
1331 2552 1415 2622 eguit,
1443 2553 1501 2621 jam
1532 2568 1593 2608 catu
1616 2569 1785 2624 recuperare

174 2636 230 2692 Sed
242 2638 384 2694 sciendum
400 2646 443 2693 est
461 2641 535 2709 quod
550 2655 622 2709 saepe
646 2655 724 2696 sacra
739 2640 880 2713 Scriptura
894 2647 934 2703 sie
984 2654 1039 2693 1¹0¹!
1052 2638 1105 2692 nisi
1117 2655 1164 2708 per
1186 2639 1325 2695 bominem
1349 2643 1527 2697 metlittwteffl
1551 2645 1647 2714 possit·
1665 2644 1733 2702 Nam
1747 2655 1777 2704 et

133 2731 171 2787 de
184 2746 215 2785 re
226 2731 317 2801 aliqua
330 2733 450 2802 loquitur
461 2733 567 2802 utquid
583 2733 646 2787 iude
661 2742 805 2790 venturum
822 2738 859 2792 sit
871 2755 934 2809 pro-
984 2731 1038 2786 h00
1065 2730 1276 2785 saluberrimum
1295 2741 1337 2786 081
1359 2733 1507 2803 peccatori.
1536 2745 1566 2789 ¹1²
1585 2736 1673 2792 discat
1696 2753 1779 2808 quarn

131 2827 266 2880 nuntiare
290 2825 424 2891 rideatur,
444 2835 580 2880 ettamen
603 2826 731 2882 virtutem
756 2827 817 2896 ojus
844 2831 933 2902 magis
983 2820 1064 2890 1⁰¹¹th
1075 2820 1214 2891 Ινθΰῡθῑῑᾶθ
1231 2837 1246 2876 ³
1261 2819 1318 2876 Duo
1349 2823 1506 2882 recesserit.
1521 2823 1589 2880 Cunt
1605 2836 1695 2882 autern
1712 2829 1780 2887 qpffi.

132 2933 221 2988 qrram
232 2925 358 2973 eventum
373 2919 519 2988 exprimat,
534 2917 664 2988 quianon
684 2918 751 2989 quid
765 2922 874 2976 euenire
885 2923 933 2978 aa.
983 2914 1071 2968 culter
1083 2913 1241 2984 poenitendo
1254 2913 1287 2968 ad
1304 2912 1390 2968 Derim
1411 2915 1492 2980 redit,
1508 2917 1573 2986 quia
1584 2925 1611 2971 et
1624 2919 1731 2974 cautior
1746 2921 1783 2978 de

132 3010 210 3075 beat,
226 3010 274 3065 sed
285 3010 350 3080 quid
365 3012 476 3064 erouire
488 3011 576 3080 possit
587 3012 721 3066 ostendat.
737 3011 819 3067 Verbi
832 3015 929 3084 gratia,
982 3007 1089 3078 reliquo
1102 3007 1228 3071 edicitur,
1246 3023 1310 3062 cum
1327 3023 1382 3062 non
1404 3009 1464 3064 sine
1484 3008 1559 3079 utari
1574 3009 1668 3065 labore
1689 3012 1779 3082 poeni·

131 3101 203 3156 dicit
226 3103 345 3171 qoodant
369 3101 430 3156 loco
453 3099 618 3171 Scriptura:
636 3121 645 3154 c
668 3101 720 3169 Qui
735 3105 881 3161 crediderit
903 3115 931 3162 et
982 3098 1050 3152 lenti
1065 3097 1156 3152 &dilus
1170 3097 1346 3168 indulgentia!
1367 3100 1498 3168 aperitur.
1513 3098 1611 3156 Gemat
1635 3117 1700 3172 ergo
1714 3118 1779 3173 pec·

131 3195 291 3265 baptizatus
307 3195 387 3250 luerit
402 3195 560 3250 salruserit
574 3195 672 3264 (etat-c.
688 3198 784 3267 xrr);r
800 3207 930 3254 ettamen
982 3199 1070 3256 tator.
1093 3197 1121 3244 02
1146 3191 1275 3261 suspidet·
1298 3198 1325 3244 θῑ
1348 3191 1447 3246 anxius
1464 3207 1514 3263 pto
1532 3203 1645 3264 peccato
1665 3211 1717 3252 suo
1740 3197 1777 3252 ti·

132 3285 240 3340 scimus
262 3285 326 3354 quia
347 3286 426 3339 multi
440 3285 584 3341 credentes
596 3286 764 3356 baptismum
782 3289 930 3359 accipiunt,
983 3291 1067 3350 meat,
1082 3291 1109 3338 ct
1123 3291 1296 3353 expavescat,
1316 3284 1451 3341 sollicitus
1465 3287 1613 3355 discurrat,
1629 3289 1777 3345 auxiliata·

131 3378 181 3447 qui
193 3386 287 3448 postea
308 3378 396 3447 culpis
409 3377 468 3433 suis
489 3377 661 3449 erigentibus
679 3380 816 3449 reprobati
835 3382 869 3436 ad
886 3398 931 3439 sa-
982 3393 1027 3432 res
1039 3385 1066 3432 et
1077 3377 1274 3432 intercessores
1285 3387 1400 3448 quaerat‚
1413 3388 1571 3449 prosternat
1588 3397 1618 3438 se
1636 3383 1779 3442 bumilitet

130 3471 219 3526 lolem
232 3481 362 3528 aeternam
382 3485 436 3525 non
458 3471 626 3541 pertingunt.
642 3471 706 3526 ltcm
725 3473 754 3526 iu
770 3474 824 3528 alio
846 3475 929 3531 loco:
981 3469 1085 3525 bornini
1098 3469 1145 3540 qui
1170 3469 1258 3524 noluit
1277 3470 1417 3524 borniliter
1442 3479 1533 3526 astare
1556 3471 1692 3539 Creatori,
1708 3476 1778 3532 utin

133 3583 144 3616 r
164 3563 220 3629 Qui
233 3563 381 3618 manducat
394 3578 504 3618 carnem
519 3577 608 3619 meam
630 3572 658 3618 et
679 3563 748 3619 bibit
768 3567 930 3637 sanquinem
982 3561 1131 3618 boeotiam
1154 3560 1227 3618 lacto
1242 3563 1447 3632 quodammodo
1468 3563 1502 3616 ad
1521 3562 1606 3617 Deum
1622 3565 1730 3633 elamet,
1749 3579 1778 3622 et

129 3671 227 3710 meunt
249 3656 332 3711 babet
353 3657 437 3710 ritam
464 3665 606 3722 aeternam,
631 3664 659 3711 et
681 3656 929 3728 injudiciumaan
980 3651 1073 3707 dicat:
1104 3650 1187 3720 Vide,
1214 3652 1346 3722 Domine,
1377 3661 1404 3708 ct
1424 3655 1585 3720 cousidera,
1611 3662 1638 3711 ct
1667 3657 1778 3714 attendo

129 3748 234 3813 reniet,
251 3748 298 3803 sed
316 3749 430 3802 transiet
442 3748 476 3803 dc
490 3757 577 3802 morte
587 3749 621 3803 ad
637 3750 721 3804 vitam
741 3749 832 3819 (doun.
848 3751 925 3822 νη.»
980 3743 1055 3812 quod
1076 3741 1158 3796 ΜΟ·
1177 3741 1240 3797 56ἰο
1262 3744 1385 3813 (ibidem,
1400 3743 1525 3812 mimine,
1548 3753 1576 3800 el
1599 3745 1685 3802 stleffl'
1706 3747 1777 3818 quia

129 3838 166 3893 St
183 3849 275 3894 tomen
288 3839 391 3896 Paulos
402 3839 468 3895 dicit
485 3859 491 3894 :
508 3861 518 3892 t
532 3841 603 3907 Quia
615 3842 742 3911 quisquis
756 3857 858 3913 eorpus
873 3842 928 3900 [tq.
980 3834 1031 3889 tibi
1054 3833 1153 3903 subjici
1167 3834 1240 3887 uelle
1265 3833 1430 3889 damnabilis
1456 3833 1507 3889 luit
1530 3836 1630 3900 elatio,
1646 3837 1693 3891 sed
1715 3838 1776 3908 jam

129 3931 201 3984 mini
216 3929 328 4002 indique
338 3932 505 3986 ntauducare
517 3941 544 3985 et
560 3931 674 3986 calicem
690 3932 784 3987 bibere
795 3947 930 4002 praesum·
979 3934 1130 3996 propterte
1146 3939 1238 3980 coram
1255 3924 1366 3979 bomine
1378 3925 1515 3994 prosterni
1539 3941 1593 3979 aon
1609 3928 1655 3991 sit,
1669 3944 1775 3998 quaeso,

129 4023 229 4092 pscrit,
241 4022 375 4092 judiciuin
387 4022 438 4077 sibi
452 4023 599 4079 manducat
611 4033 638 4078 et
648 4023 717 4080 bibit
731 4022 759 4093 (l
770 4023 834 4081 Gor.
850 4023 900 4097 rt).
915 4044 926 4078 t
980 4017 1030 4073 tibi
1041 4016 1217 4087 despicabilis
1230 4017 1348 4072 devotio.
1368 4015 1496 4086 Magnam
1515 4023 1558 4070 est
1574 4018 1647 4085 qood
1661 4019 1775 4089 abstuli,

130 4112 242 4184 Ubique
252 4129 319 4184 ergo
336 4115 423 4186 magis
440 4116 528 4171 rictus
538 4125 774 4172 sacramentorum
798 4119 931 4186 exprimi·
979 4124 1032 4164 nte
1050 4122 1148 4177 batum
1171 4117 1213 4162 est
1234 4107 1308 4176 duod
1327 4104 1421 4160 reddo·
1438 4102 1460 4158 0
1479 4119 1561 4175 quam
1583 4108 1676 4162 suavis
1690 4116 1718 4163 et
1729 4108 1776 4178 jo·

130 4214 189 4273 tur,
212 4208 331 4277 nequod
344 4223 392 4278 per
406 4223 437 4262 ea
453 4207 567 4278 quilibet
587 4208 782 4279 participantes
804 4209 930 4266 saltandi
980 4201 1070 4257 cunda
1083 4199 1131 4254 Dei
1149 4199 1236 4254 nostri
1252 4199 1391 4253 miseratio
1404 4205 1492 4252 totum
1520 4198 1623 4254 bonurn
1647 4199 1705 4271 ipse
1723 4215 1776 4258 no·

131 4299 199 4366 sint,
227 4300 276 4355 sed
298 4299 372 4369 quod
389 4300 489 4356 salvari
510 4301 617 4370 possint
638 4301 820 4372 significatur.
843 4300 928 4368 Quasi
979 4301 1067 4350 strom
1083 4292 1111 4347 in
1130 4292 1360 4361 nobisoporatur,
1382 4298 1409 4345 et
1423 4291 1497 4345 t'elat
1511 4297 1589 4361 pater
1607 4291 1731 4348 alludens
1745 4293 1775 4350 in

131 4393 289 4448 diceretur:
309 4392 396 4448 Tanta
409 4393 497 4450 virtus
518 4403 560 4449 est
585 4394 723 4464 baptismi,
747 4402 778 4448 ut
802 4393 929 4465 quisquis
979 4383 1044 4440 bliis
1055 4384 1096 4441 sio
1110 4391 1197 4438 totum
1209 4381 1285 4445 iacit,
1302 4391 1331 4436 ot
1346 4382 1425 4452 quasi
1442 4381 1511 4435 nibil
1528 4380 1618 4436 lacere
1633 4383 1773 4440 rideaturl

130 4487 927 4567 iouuouetuereroerotsacoepeut,perittonsusurnam
944 4477 1052 4569 „Ecce
1064 4486 1191 4549 peccator
1209 4481 1402 4544 cumpunctus,
1417 4473 1512 4544 gemit,
1534 4473 1666 4542 suspirat,
1680 4472 1773 4544 lacre-

131 4581 251 4636 satutem
270 4579 423 4651 perungere
444 4581 541 4650 possit.
563 4579 629 4636 bem
652 4589 727 4636 tanta
749 4579 889 4635 rirtusest
902 4580 930 4634 in
981 4580 1084 4638 matur,
1101 4569 1248 4624 conicetur
1267 4579 1371 4622 reatum
1399 4581 1490 4633 suum,
1505 4565 1624 4634 postotat
1651 4563 1774 4634 venian,

131 4673 292 4743 sumptione
306 4671 430 4741 corporis
451 4680 478 4727 et
503 4672 646 4743 sanguinis
664 4673 728 4740 mai,
743 4681 774 4728 ut
795 4687 843 4742 per
860 4671 927 4726 illud
980 4663 1086 4736 llagitat
1101 4659 1329 4726 misericordiam,
1347 4668 1374 4715 et
1393 4659 1446 4714 ltoe
1462 4667 1549 4714 toturn
1572 4657 1651 4727 quast
1672 4671 1705 4712 en
1725 4658 1775 4714 lto·

134 4765 295 4837 quicunque
308 4763 389 4832 digne
413 4763 561 4833 sumpserit
580 4772 710 4817 aeternam
730 4763 815 4818 vitam
832 4777 931 4818 couse-
980 4757 1056 4811 mine
1067 4771 1128 4811 esse
1142 4754 1272 4810 creditor.
1292 4751 1345 4808 Sed
1361 4752 1434 4823 quis,
1448 4765 1553 4822 quaeso,
1570 4750 1622 4806 boe
1635 4749 1774 4816 lacit,nisi

132 4857 185 4932 qui
194 4856 291 4926 possit.
308 4851 398 4908 Simili
412 4854 495 4909 modo
509 4853 562 4909 boe
573 4854 678 4910 dictum
689 4853 815 4910 aestimo:
833 4872 844 4904 r
859 4851 931 4920 Quo-
980 4847 1026 4902 ille
1044 4846 1091 4917 qui
1113 4846 1187 4900 intus
1206 4843 1343 4915 prtesldot,
1360 4851 1388 4897 ot
1404 4857 1450 4897 eor
1474 4841 1594 4896 banniolo
1614 4839 1649 4895 ad
1668 4842 1719 4900 boe
1733 4841 1775 4898 la·

131 4965 197 5004 rum
212 4948 373 5004 reniiseritis
390 4955 515 5018 peccata,
535 4946 714 5000 remittuntur
739 4946 789 5012 eis,
809 4953 837 4999 et
858 4960 930 5014 quo·
981 4939 1110 4998 ciendum
1135 4937 1246 4994 ntoret'l
1274 4934 1395 4991 Obsecro
1421 4943 1452 4988 ut
1477 4949 1532 4990 nou
1557 4934 1594 4990 sit
1615 4949 1773 5002 onerosum,

133 5057 197 5097 rom
222 5039 402 5105 retinueritis,
420 5046 527 5094 retenta
547 5045 638 5092 erunt.
663 5055 672 5088 t
696 5035 737 5091 lle
759 5037 782 5092 si
807 5036 930 5106 apertius
981 5034 1114 5089 siluere
1154 5030 1236 5102 buius
1261 5028 1300 5085 rei
1325 5027 1464 5100 quoddam
1486 5027 1642 5098 exemplum
1674 5041 1775 5100 propo·

134 5135 292 5190 diccretur:
311 5131 427 5188 Tantam
445 5131 523 5187 robis
536 5139 698 5200 potestatem
719 5128 747 5182 in
761 5127 880 5200 ligandis
903 5137 930 5184 et
981 5141 1087 5184 suero:

134 5225 275 5282 soluendis
290 5225 410 5295 peccatis
423 5223 526 5286 tribuo,
541 5229 571 5275 ut
582 5221 708 5292 quisquis
726 5220 835 5275 arobis
851 5219 930 5289 ligari
1017 5217 1098 5272 Pater
1113 5214 1225 5286 quidam
1244 5213 1390 5283 quemdam
1405 5221 1595 5268 contumacem
1610 5209 1697 5266 lilium
1711 5223 1774 5264 cunt

134 5317 278 5384 meruerit,
292 5317 365 5387 apud
378 5331 422 5370 me
432 5315 540 5371 solutus
553 5327 614 5370 esso
631 5329 685 5368 nou
698 5312 797 5383 possit,
812 5320 841 5367 et
852 5311 931 5380 quis·
982 5324 1083 5380 nuptio
1096 5306 1188 5362 lurore
1202 5305 1317 5376 expulit,
1335 5311 1365 5358 ot
1381 5303 1419 5357 ita
1434 5301 1550 5358 alilictos
1576 5299 1716 5355 humiliari
1732 5297 1775 5352 di-

134 5413 199 5484 qois
216 5411 323 5467 arobis
344 5408 413 5464 solri
432 5407 574 5474 meruerit,
594 5408 652 5477 iarn
666 5407 740 5476 apud
761 5420 805 5459 me
830 5404 930 5474 ligatos
982 5411 1079 5459 sceret.
1094 5399 1148 5455 Sed
1162 5399 1209 5453 illo
1222 5397 1248 5452 iu
1264 5395 1436 5452 coutumacia
1454 5411 1504 5449 sua
1519 5394 1683 5464 persistente
1702 5405 1773 5460 qua-

135 5521 192 5562 non
205 5505 252 5560 sit.
265 5503 386 5558 Audiam
398 5502 534 5565 homines,
551 5509 580 5556 et
597 5500 749 5570 intelligant
772 5504 931 5568 peccatores
981 5495 1045 5550 datu
1059 5493 1177 5548 discreta
1204 5489 1408 5560 dispensatione
1424 5487 1531 5542 consilii
1548 5501 1563 5539 a
1585 5492 1663 5555 patre
1686 5490 1776 5540 mater

135 5599 210 5673 quod
226 5595 384 5668 presidium
395 5595 437 5649 eis
453 5610 469 5650 a
483 5593 539 5650 ileo
550 5593 721 5658 conceditur,
729 5591 804 5662 quod
819 5604 930 5646 rursum
982 5586 1110 5647 mittitur,
1127 5592 1157 5638 ut
1169 5599 1223 5638 non
1234 5581 1315 5653 qnasi
1330 5587 1434 5650 epatre
1456 5577 1551 5642 missa,
1561 5577 1608 5632 sed
1620 5575 1701 5646 quasi
1714 5590 1776 5630 ma-

133 5690 269 5764 ]udicium
284 5695 465 5758 preparatur.
484 5686 624 5742 Fortassis
638 5685 726 5740 ileum
749 5681 868 5739 necdum
888 5681 931 5735 ia·
982 5689 1059 5736 terna
1078 5692 1127 5747 per
1139 5691 1172 5734 se
1182 5677 1282 5747 pietate
1295 5675 1377 5730 ducta
1393 5670 1505 5726 verricus
1519 5662 1647 5724 muliebri
1662 5666 1774 5724 levitate

135 5780 282 5856 tstprllare
295 5788 476 5851 maranum.
501 5777 608 5836 blebem
625 5778 751 5836 bomiuec
776 5775 932 5834 moerduet
982 5772 1151 5830 obstinatum
1164 5769 1327 5834 demulceat,
1338 5775 1528 5820 contumacem
1541 5762 1577 5818 ad
1591 5759 1777 5819 bumilitatem
