4017 6342
126 316 169 375 tat
677 290 856 353 EPlSTGLAE
870 289 914 348 st
932 282 1139 345 entvttectu.
1671 276 1725 334 522

124 426 213 489 Urbani
222 432 245 480 et
256 422 481 496 praedecessorum
491 413 549 485 elus
560 413 721 483 apostolicas
732 408 888 467 sanctiones
902 415 923 469 Α
937 422 1020 477 otram
1036 402 1178 461 admisisse
1192 398 1296 461 dicitis,
1322 395 1364 450 rel
1379 395 1487 450 decreto
1506 394 1590 465 ipsius
1603 395 1635 449 de
1650 394 1727 449 irrue-

123 520 323 578 macresceret,
340 523 392 563 non
407 503 628 563 irrationabiliter
648 503 689 559 uel
706 513 801 559 contra
821 504 889 557 anti·
938 498 1036 554 stitura
1050 498 1254 569 episcopatuum
1278 491 1320 549 uel
1335 492 1448 547 aliarum
1463 490 1625 560 dignitatum
1640 488 1729 545 caele·

122 563 294 681 quiasupatrum
322 597 426 669 regulas
440 595 542 652 facturn
564 609 625 651 esse
644 596 807 665 putarimus.
828 594 888 649 Non
938 590 1123 653 siasticarum,
1137 603 1218 659 guam
1227 602 1304 659 reges
1314 586 1377 643 olim
1391 582 1554 639 mutationes
1564 588 1731 652 usurparunt

121 701 183 755 onim
196 691 310 749 notitiam
322 696 438 743 rostram
452 684 648 757 subterfugisse
659 683 796 739 crediturus
805 698 887 755 quarn
937 694 966 741 et
980 687 1069 739 adbuc
1083 698 1216 755 usurpare
1231 681 1411 745 contendunt,
1434 677 1572 735 contraire
1590 674 1672 731 ruitis
1686 672 1730 729 rel

120 785 252 848 contumaci
266 780 428 853 pertinacia,
452 788 482 835 et
499 778 632 849 pertinaci
647 778 818 833 contumacia
837 776 887 833 Sc
938 778 1151 836 contraeundum
1177 792 1237 833 esse
1251 776 1413 840 decernitis,
1436 790 1485 830 uos
1498 774 1630 829 videritis.
1647 770 1726 840 Quod

120 895 240 941 tranenses
251 875 355 939 ctertd.
370 874 405 929 de
419 887 534 942 quorum
548 884 630 941 grege
647 870 749 925 electus
765 869 811 924 ille
827 885 888 925 esse
937 872 1062 928 videlicet
1076 888 1136 927 cum
1151 886 1203 927 non
1218 869 1304 926 solum
1318 868 1501 925 moderarum
1514 868 1595 922 ctiam
1609 876 1731 935 tempore

120 973 263 1034 dinoscitur,
272 965 426 1037 apostolicis
436 962 773 1037 deprimatnLugdunensi
782 964 888 1019 iustitu—
936 964 1023 1019 beatae
1033 962 1170 1019 memoriae
1182 960 1304 1033 Gregorii
1320 974 1395 1031 papae
1407 967 1462 1013 tam
1475 957 1591 1012 firmiter
1605 956 1728 1027 pronurl-

121 1066 150 1122 tis
159 1078 188 1120 ac
199 1058 341 1133 privilegiis
352 1055 493 1112 obviantes
504 1064 532 1110 et
539 1053 724 1110 inobedientes
736 1053 889 1109 exstiterint
936 1064 1028 1125 gatum
1043 1054 1165 1111 videritis
1177 1052 1218 1108 rel
1232 1050 1381 1114 audieritis,
1398 1049 1420 1105 si
1436 1048 1500 1119 qnid
1518 1047 1671 1102 addendum
1686 1046 1728 1100 rel

120 1165 143 1211 et
158 1149 379 1219 archiepiscopum
393 1160 471 1200 snum
486 1143 567 1199 modo
584 1142 741 1197 defunctum
754 1156 841 1213 usqne
853 1144 886 1197 ati
937 1146 1098 1201 demendum
1110 1144 1153 1201 uel
1166 1144 1199 1201 ad
1216 1153 1321 1214 ternpus
1338 1141 1581 1204 intermittendum,
1601 1154 1635 1195 ne
1650 1140 1731 1209 spiri·

119 1253 217 1302 nortem
237 1242 263 1296 ιιι
289 1255 337 1294 sua
362 1236 542 1293 inobedientia
569 1248 745 1305 perseverare
763 1232 886 1290 feceriut.
937 1238 1020 1292 tualia
1032 1238 1073 1293 rel
1087 1235 1245 1307 temporalia
1256 1232 1396 1290 commoda
1411 1232 1617 1303 impedirentur,
1631 1246 1730 1299 cogno-

118 1340 215 1407 Propter
223 1329 433 1403 gatimridelicet
444 1328 654 1384 inobedientiam
666 1327 782 1383 domnus
795 1335 887 1382 noster
937 1331 1033 1392 tristis.
1058 1346 1110 1384 non
1127 1330 1204 1401 quasi
1224 1326 1377 1383 insidiando
1392 1326 1433 1383 rel
1459 1325 1636 1395 rertnrguondt
1651 1341 1730 1381 ocea-

119 1444 178 1503 papa
192 1426 310 1482 Urbanus
325 1424 360 1479 ab
378 1419 524 1492 episcopali
547 1434 609 1476 eunt
623 1417 712 1475 olilcio
730 1417 886 1490 suspendit,
935 1422 1040 1479 sionem
1055 1422 1193 1479 haberetis
1204 1422 1331 1485 reticere,
1349 1419 1397 1475 sed
1412 1416 1498 1489 magis
1511 1415 1577 1487 ipsis
1590 1416 1664 1473 uelut
1680 1432 1729 1487 pa-

117 1528 139 1575 ct
150 1532 193 1572 ros
203 1524 230 1571 et
246 1513 312 1569 alios
328 1511 513 1583 suffraganeos
528 1520 633 1567 vestros
651 1510 837 1566 obedientiam
857 1518 887 1565 et
938 1512 1026 1570 tribus
1036 1514 1123 1568 bouus
1137 1512 1298 1582 acprudens
1313 1510 1384 1565 lilius
1396 1508 1575 1565 reuerentiam
1585 1522 1730 1579 suggerere

118 1606 290 1677 subjectionem
316 1606 396 1659 nobis
421 1611 452 1657 nt
481 1601 591 1673 primati
615 1611 706 1657 restro
727 1602 887 1671 promittere
935 1613 963 1658 et
972 1602 1098 1660 iutimare
1108 1603 1253 1659 deberetis.
1267 1602 1321 1657 Nos
1332 1615 1397 1657 uero
1408 1602 1493 1670 ipsam
1505 1600 1728 1655 mustitutionern

118 1700 177 1755 iecit.
198 1696 323 1752 Testante
337 1701 427 1750 autem
441 1691 571 1763 Gregorio
584 1691 611 1745 in
626 1690 723 1747 ultimo
744 1691 885 1747 bloralium
936 1694 1094 1750 carrouicam
1110 1704 1137 1751 ct
1153 1694 1299 1751 secundum
1315 1694 1443 1762 antiquas
1457 1692 1557 1765 legales
1571 1701 1729 1749 sauctorum

117 1792 176 1846 libro
194 1786 373 1843 inobedientia
388 1784 541 1841 hariolandi
563 1792 703 1853 peccatum
725 1783 833 1848 dicitur,
858 1794 886 1839 et
903 1764 1044 1851 Bpatrum
1066 1785 1276 1842 corrstretudines
1300 1785 1398 1839 factam
1419 1784 1542 1841 uidentes
1563 1794 1593 1841 et
1619 1800 1730 1841 seruare

117 1883 180 1953 grtasi
193 1879 277 1937 scelus
291 1876 454 1934 idolotatria
467 1875 538 1931 nolle
553 1874 736 1945 acquiescere.
752 1874 885 1931 Obedien·
937 1874 1059 1930 soluums
1074 1883 1101 1929 et
1114 1874 1275 1929 seruandum
1297 1874 1422 1929 cornibus
1443 1888 1525 1945 super
1539 1876 1640 1943 qtribus
1658 1874 1730 1946 lega-

116 1974 285 2032 tiarerolldei
304 1973 432 2029 meritum
452 1970 570 2041 possidet
590 1985 598 2026 a
621 1984 675 2038 gua
695 1970 754 2025 siue
772 1970 886 2039 unisque
936 1966 1019 2023 tionis
1047 1966 1134 2023 cilicio
1162 1966 1300 2036 fungimur
1326 1966 1508 2037 praecipitans.
1536 1964 1648 2023 Dixistis
1681 1984 1730 2023 nos

117 2065 217 2121 iufdelis
229 2063 411 2125 convincitur,
433 2058 541 2116 etiamsi
567 2058 654 2113 lldelis
670 2073 731 2115 esse
752 2058 884 2113 rideatur.
936 2058 1145 2115 Puteacensesa
1165 2058 1241 2115 uobis
1261 2065 1290 2113 ct
1311 2058 1481 2129 coepiscopis
1503 2058 1600 2113 restris
1618 2070 1730 2129 propter

116 2157 163 2211 llac
176 2158 259 2228 itaque
270 2153 342 2210 beati
357 2152 479 2224 Gregorii
499 2150 604 2207 ratione
613 2159 641 2204 et
654 2150 816 2206 auctoritate
828 2160 883 2205 tant
937 2152 1056 2221 praedam
1077 2153 1103 2207 iu
1118 2168 1167 2207 ros
1181 2162 1209 2209 et
1232 2154 1258 2207 in
1272 2151 1467 2208 Garnoteusem
1489 2148 1638 2207 Ecclesiam
1654 2166 1730 2207 conr·

116 2247 334 2318 pnrdictusguam
352 2244 398 2299 alii
410 2242 502 2300 cleriei
518 2242 693 2300 Senonenses
712 2258 773 2299 cum
786 2242 886 2313 prima·
937 2244 1065 2297 munione
1091 2244 1212 2313 priuatus
1238 2242 1314 2299 robis
1339 2240 1523 2297 nescientibus
1545 2242 1730 2298 couununioui

117 2351 163 2394 turn
187 2336 370 2410 Lugdunensis
395 2336 522 2392 Ecclesiae
549 2334 703 2407 respuendo
732 2334 898 2403 apostolic-et·
938 2334 1095 2391 reddidisse.
1113 2336 1189 2403 Quml
1206 2352 1269 2393 eum
1285 2350 1335 2391 nec
1352 2336 1473 2390 sideritis
1495 2350 1545 2390 uec
1569 2334 1727 2402 audieritis,

116 2428 249 2485 atrcwritati
260 2436 313 2482 tam
323 2434 489 2497 'arroganter
508 2434 619 2496 tamque
630 2425 808 2495 pertinaciter
819 2426 885 2481 obe·
939 2440 1026 2497 neque
1053 2442 1102 2483 nos
1127 2426 1272 2484 fecerimus
1300 2427 1381 2493 talia,
1416 2442 1586 2497 nequaquam
1612 2426 1731 2496 objicere

116 2522 168 2575 dire
186 2518 384 2584 recusaverint,
398 2526 427 2573 et
438 2518 698 2589 episeopumsuum,
711 2516 886 2588 quemadmo·
937 2518 1082 2575 deberetis.
1109 2519 1162 2577 lios
1187 2532 1276 2577 tamen
1292 2521 1391 2577 bonnm
1409 2520 1543 2591 promulo
1569 2520 1729 2591 reddeptes,

115 2612 171 2667 dum
186 2611 306 2678 diximus,
333 2612 476 2679 usquead
498 2608 561 2663 uite
579 2608 698 2673 esitnrn,
722 2624 776 2663 non
800 2609 887 2663 solnm
938 2620 966 2664 ct
985 2609 1056 2665 hauc
1071 2612 1264 2667 coutumeliam
1290 2613 1348 2668 sive
1362 2612 1577 2667 criminationem
1602 2611 1730 2667 dissimu-

116 2702 293 2773 persuatlendo,
313 2700 506 2755 verumetiam
519 2698 654 2755 uiolenter
668 2698 839 2769 instigando,
859 2698 887 2752 in
939 2704 1043 2768 lantes,
1068 2703 1279 2761 Puteacensilrus
1294 2705 1442 2775 capellanis
1455 2714 1483 2761 et
1495 2704 1603 2761 clericis
1625 2707 1731 2763 litteras

115 2807 155 2847 sua
174 2790 348 2848 inobedientia
374 2790 524 2860 perdurare
541 2787 739 2858 compulerint,
762 2789 888 2858 grrantris
938 2792 1099 2861 direximus,
1113 2795 1271 2851 etdiuinum
1283 2794 1412 2861 officium,
1427 2803 1541 2865 excepto
1554 2796 1730 2866 paruulorum

116 2883 194 2939 fideles
202 2884 353 2949 rideantur,
367 2882 490 2938 infttlcles
504 2891 594 2937 tamen
610 2888 637 2937 et
646 2880 724 2951 guasi
741 2881 890 2938 idololatrae
938 2884 1102 2956 baptismate
1117 2894 1144 2941 et
1166 2886 1335 2943 inllrnrontm
1359 2886 1528 2951 uisitatione,
1554 2886 1652 2943 ibidem
1672 2886 1730 2943 tieri

116 2974 375 3030 uoemnsinettutur.
386 2972 541 3042 Perpeudat
551 2971 633 3043 igitur
648 2979 738 3028 restra
753 2971 885 3027 discretio
939 2978 1136 3046 prohibuimus.
1154 2978 1286 3046 Quoniam
1310 2988 1430 3034 nostram
1452 2980 1671 3049 redargutionem
1697 2982 1731 3037 de

118 3077 192 3121 ututur
204 3065 316 3123 infidelis
327 3074 379 3121 aut
396 3063 551 3128 idololatra,
574 3064 661 3120 donec
680 3064 715 3118 ab
731 3063 922 3165 infidelitateC
939 3070 1144 3125 consecratione
1156 3069 1310 3126 sanctionis
1326 3070 1517 3143 graviusjusto
1527 3072 1636 3137 tulistis,
1651 3084 1732 3142 prout

118 3159 151 3214 rel
172 3160 315 3216 idololatria
340 3158 501 3229 resipiscat,
526 3158 555 3212 ln
577 3157 734 3227 episcopum
758 3158 889 3213 canonice
939 3161 1029 3215 exitus
1056 3161 1145 3217 divina
1172 3162 1274 3221 uirtute
1300 3164 1439 3233 probabit,
1461 3164 1653 3232 omnipotentis
1682 3162 1730 3219 bet

117 3244 889 3321 possitautdebeateligiselcousecrari.Perpendatctiam
939 3253 1111 3309 clententiam
1129 3254 1303 3311 obsecramus
1323 3264 1352 3309 ιιι
1376 3256 1458 3311 atritui
1487 3257 1569 3310 uestri
1588 3264 1678 3312 nrotns
1702 3256 1730 3312 in

117 3352 193 3398 utrum
205 3344 226 3398 si
249 3344 301 3400 boc
320 3344 382 3398 fteri
402 3340 579 3413 probibentur
599 3341 714 3412 priuatis
736 3339 840 3411 legibus
862 3352 890 3397 et
940 3362 989 3400 nos
1001 3346 1152 3403 irnrueritos
1167 3356 1319 3418 temperare
1331 3349 1464 3419 dignetur.

117 3433 179 3487 uotis
191 3433 398 3499 traditionibus,
414 3431 641 3501 quemadmodum
658 3431 763 3496 dicitis,
783 3441 890 3490 ueteres
1303 3458 1372 3516 m·

118 3526 257 3582 ¹¹³di²5⁰¹¹⁸⁸
269 3522 522 3583 ⁶²w⁰⁸¹¹⁸¹¹¹di⁰⁰⁵
534 3524 569 3580 ⁶⁰
582 3524 783 3594 mmmmm
794 3540 890 3581 Μεθ’
940 3553 981 3604 Ad
1005 3554 1227 3623 urclriepiscopurn
1251 3553 1440 3618 senonensem,
1461 3570 1508 3623 pro
1531 3556 1623 3610 abbate
1637 3554 1729 3613 Sancti

118 3618 219 3673 ambone
238 3631 381 3674 removere
397 3616 609 3682 contendamus,
630 3616 673 3671 rel
690 3616 717 3673 in
741 3616 794 3672 ltoc
818 3616 890 3674 facto
1258 3622 1331 3678 Petri
1345 3622 1410 3679 Viri.
1691 3641 1693 3647 ·

118 3706 302 3779 improperastis
314 3706 432 3764 culicem
450 3705 572 3763 colantes
583 3705 718 3761 camelum
730 3704 887 3777 glutiamus.
1199 3718 1287 3785 (Ante
1311 3732 1356 3771 an,
1372 3716 1468 3789 1099.)

118 3798 255 3870 legationis
277 3810 372 3856 autent
388 3806 489 3854 nostrae
513 3796 655 3868 priuilegio
677 3812 728 3853 nec
746 3798 834 3867 ipsum
857 3800 891 3855 de
1223 3808 1346 3880 [butun.
1362 3806 1438 3879 ιιι]

118 3904 162 3960 ‘1¹¹⁰
185 3894 285 3965 tglttttts
311 3891 356 3946 vel
383 3889 532 3962 quemlibel
559 3888 644 3944 illum
668 3888 786 3945 obelum
812 3889 890 3946 nobis
975 3898 1052 3957 lluoo
1075 3899 1263 3970 Lugdunensis
1285 3899 1413 3953 Ecclesia¹
1440 3914 1549 3967 sertus,
1575 3902 1730 3971 apostolicas

118 3983 255 4049 preerunt
271 3980 474 4044 materiatum,
492 3978 540 4034 set
555 3977 702 4033 centrum
715 3978 889 4047 apostolicam
940 3991 1012 4045 sedis
1030 3991 1147 4063 regatus,
1168 3990 1319 4045 ¹urucumu
1331 3989 1407 4043 trum
1430 4000 1457 4045 u
1471 3992 1631 4062 coeptccopo
1646 3994 1729 4048 orru-

120 4072 272 4127 mtlilluttem
286 4070 450 4127 electionem
460 4077 489 4123 ⁰1
501 4084 599 4124 n⁰¹¹¹l2¹¹
613 4068 693 4124 0¹0⁰st
711 4069 745 4124 ”ll
766 4069 890 4125 ”Mill-⁸¹¹¹
941 4096 1027 4136 usuro
1038 4082 1188 4137 senonensi
1213 4080 1429 4150 ntetropolitauo,
1445 4080 1558 4135 salutem
1581 4092 1609 4137 et
1625 4086 1730 4139 seruire

119 4172 220 4218 nostram
232 4162 328 4219 referri
342 4161 477 4227 voluntas,
493 4169 523 4216 ut
535 4174 596 4215 carn
607 4160 742 4231 cognitam
754 4164 889 4232 approbe—
941 4170 1054 4227 nggggo
1069 4174 1094 4227 t„
1111 4174 1217 4228 umore,

119 4268 175 4309 muts
197 4256 224 4311 Si
245 4272 309 4312 uero
329 4256 392 4327 jure
411 4254 544 4325 primatus
562 4252 751 4324 Lugdunensis
765 4253 891 4309 Ecclesiae
977 4261 1029 4315 l'ro
1041 4261 1217 4329 quorumdam
1234 4259 1376 4315 adversum
1389 4274 1437 4314 vos
1456 4259 1636 4329 querimoniis
1647 4261 1730 4317 abba-

118 4346 247 4419 privilegiis
260 4358 289 4405 ct
307 4346 472 4403 anctoritate
485 4345 575 4401 domni
590 4346 676 4401 nostri
690 4360 767 4415 papae
785 4344 890 4401 Urbani
942 4362 998 4406 tum
1022 4361 1174 4406 uestrorum
1188 4350 1286 4421 sapius
1300 4364 1349 4406 nos
1365 4350 1441 4407 robis
1452 4350 1592 4420 scripsisse
1606 4354 1731 4409 memini·
1794 4364 1795 4369 ’

119 4453 144 4491 ae
159 4441 377 4505 praedecessorum
399 4436 458 4508 ejus
472 4437 571 4491 brnrati
594 4453 609 4492 a
632 4436 781 4493 &trorrensi
802 4439 889 4493 electo
905 4454 1017 4513 Dtnus;
1032 4440 1078 4494 sed
1094 4439 1163 4509 grrtrd
1178 4440 1203 4493 iu
1220 4438 1292 4494 nullo
1308 4439 1377 4509 apud
1389 4454 1438 4495 ros
1458 4440 1661 4509 profecerimus,
1678 4456 1730 4499 nec

119 4529 279 4585 ubedbutiaur
292 4539 322 4586 ct
344 4528 541 4599 subiectionem
562 4528 670 4599 primati
693 4529 812 4583 debitam
827 4540 890 4583 ante
940 4539 1037 4585 uestrae
1051 4526 1216 4601 dignationis
1232 4544 1358 4599 respousa
1374 4528 1462 4599 :aliqua
1476 4531 1662 4599 babuerimus,
1675 4548 1728 4588 nou

119 4625 332 4677 consecrationem
343 4622 485 4693 exigimus,
499 4635 547 4692 per
559 4620 772 4676 lrocsanctorum
782 4630 889 4692 patrum
940 4621 1050 4675 tnirtima
1064 4620 1243 4676 admiratione
1257 4631 1406 4689 stupemus.
1416 4620 1490 4677 Sane
1503 4622 1525 4676 si
1537 4638 1584 4678 vos
1601 4624 1730 4680 Romanae

118 4713 260 4769 traditiones
273 4730 324 4769 tros
338 4713 491 4768 rescindere
504 4711 546 4765 rel
564 4711 617 4777 illi,
637 4712 660 4767 sl
679 4712 816 4782 professus
830 4710 889 4765 fue·
940 4708 1066 4765 Ecclesia
1080 4711 1184 4782 legatus
1202 4712 1313 4775 essetis,
1340 4712 1410 4766 sieut
1437 4720 1558 4767 nostrum
1582 4714 1730 4770 salubriter

120 4802 160 4862 tit,
180 4802 295 4869 olftcerc,
307 4802 385 4872 guasi
407 4804 459 4858 bae
472 4801 639 4872 professione
658 4802 890 4856 consecrationem
939 4812 1012 4857 esset
1027 4803 1103 4857 vobis
1117 4802 1243 4868 obedire,
1260 4802 1297 4857 ita
1311 4814 1401 4858 vestra
1416 4804 1614 4875 magnificentia
1627 4820 1661 4861 ex
1681 4821 1730 4860 aa·

119 4905 275 4963 cortrparasse
287 4893 423 4959 uideatur,
437 4891 889 4964 nequaquamcoguoscirrttts,etun
940 4894 1067 4948 ctoritate
1091 4903 1188 4947 nostrat
1202 4908 1284 4964 super
1303 4910 1351 4948 uos
1371 4894 1514 4965 legationis
1534 4896 1660 4964 parvitati
1682 4912 1730 4951 no-

119 4981 261 5052 episcopata
284 4984 401 5056 dignitas
422 4984 501 5041 botris
526 4983 632 5039 meritis
649 4992 677 5039 et
699 4982 832 5039 fructibus
856 5000 890 5039 ert
940 4982 1269 5039 straedeberctobautl'tre.
1284 4984 1353 5041 Ecce
1367 4986 1458 5041 itidem
1470 4984 1634 5043 venerabilis
1643 4990 1729 5043 nostri

119 5071 255 5131 obedientia
269 5078 467 5149 prodeuntibus
482 5074 587 5147 acquiri
603 5077 714 5140 debent,
738 5086 766 5130 et
780 5075 807 5129 in
823 5091 889 5131 exa·
940 5077 1034 5131 fratris
1049 5075 1154 5131 abbatis
1169 5076 1261 5132 Sancti
1284 5077 1356 5131 Petri
1374 5078 1431 5132 lliri
1456 5079 1639 5148 querimonias
1653 5082 1730 5135 uobis

120 5162 253 5221 rrrinatlono
273 5165 557 5231 consecrandielecti,
582 5172 672 5219 utrtrm
695 5162 824 5219 Botriana·
839 5166 889 5220 Ee·
942 5180 1124 5223 recenseuuts.
1150 5166 1281 5235 Quaritur
1300 5170 1373 5223 enim
1398 5168 1448 5225 sub
1474 5172 1618 5227 occasione
1633 5171 1729 5227 debilis

120 5249 196 5310 clesite
215 5257 345 5313 obediens
358 5274 419 5314 esse
439 5258 503 5313 velit
524 5264 588 5311 autc
602 5254 834 5312 consecrationem
848 5269 892 5311 re·
941 5251 1079 5325 cuiusdam
1095 5258 1245 5328 presbytcri
1258 5267 1283 5311 et
1296 5255 1431 5324 justitiam
1446 5258 1619 5315 reclamantis
1633 5273 1730 5328 guam-

120 5344 239 5412 quiratur.
258 5348 307 5405 llis
320 5349 413 5421 itaque
437 5350 500 5407 freti
522 5347 695 5415 rationibus,
716 5346 787 5418 quod
803 5348 836 5402 tle
858 5362 892 5402 co
941 5348 1003 5403 dam
1020 5360 1096 5401 suam
1110 5346 1227 5403 atlitino
1239 5338 1327 5403 officio
1335 5363 1384 5418 per
1399 5366 1446 5403 tos
1455 5364 1562 5404 cessare
1575 5347 1727 5415 ecclesiam,

121 5437 187 5495 tobis
213 5440 255 5497 rel
282 5442 555 5514 comprovincialibus
586 5438 684 5495 restris
714 5438 891 5509 praecepimus
941 5443 1048 5500 cuidam
1068 5441 1149 5497 etiam
1164 5439 1320 5512 presbytero
1332 5440 1460 5496 tlefuucto
1479 5440 1550 5493 nulla
1571 5438 1650 5508 eulpa
1665 5440 1727 5493 dum

122 5526 253 5588 inumatare
273 5534 409 5589 uolumus.
433 5532 464 5589 st
484 5542 573 5589 autem
592 5531 720 5587 domnum
742 5531 892 5600 papante
941 5532 1029 5589 adbuc
1046 5531 1261 5596 sireretuotato,
1278 5533 1383 5586 betteet
1397 5530 1535 5599 sapienter
1550 5538 1663 5596 testato,
1684 5545 1728 5587 se-

122 5622 254 5679 traditione
275 5627 525 5697 probatissimorum
542 5624 653 5683 Petrum
680 5622 890 5693 praecetlerttium
941 5626 1076 5696 pulturam
1090 5632 1225 5695 negatam,
1241 5622 1307 5694 ipsis
1321 5636 1426 5693 qtrogue
1438 5623 1482 5689 qui
1498 5622 1622 5675 eumdem
1644 5621 1688 5689 ple
1701 5631 1730 5678 et

122 5712 211 5785 aliquid
220 5718 378 5775 diminuisse
391 5720 430 5776 rel
450 5721 607 5777 imurutasse
621 5726 668 5773 attt
680 5715 827 5774 rrorttatem
840 5714 890 5771 ali·
942 5717 1059 5774 officiose
1080 5716 1244 5787 sepelierunt
1267 5713 1483 5771 corrummiouem
1503 5713 1625 5769 ecclesiae
1645 5714 1731 5769 iruer-

308 5812 441 5877 l‘srnot.
463 5812 581 5876 CLi'll.
1511 5806 1548 5865 Π
