<?xml version="1.0" encoding="UTF-8"?>
<!DOCTYPE html PUBLIC "-//W3C//DTD XHTML 1.0 Transitional//EN"
    "http://www.w3.org/TR/xhtml1/DTD/xhtml1-transitional.dtd">
<html xmlns="http://www.w3.org/1999/xhtml" xml:lang="en" lang="en">
 <head>
  <title>
</title>
<meta http-equiv="Content-Type" content="text/html;charset=utf-8" />
  <meta name='ocr-system' content='tesseract 3.04.00' />
  <meta name='ocr-capabilities' content='ocr_page ocr_carea ocr_par ocr_line ocrx_word'/>
</head>
<body>
  <div class='ocr_page' id='page_1' title='image "./patrologiaecurs137migngoog_0475.png"; bbox 0 0 4017 6342; ppageno 0'>
   <div class='ocr_carea' id='block_1_1' title="bbox 116 438 166 495">
    <p class='ocr_par' dir='ltr' id='par_1_1' title="bbox 116 438 166 495">
     <span class='ocr_line' id='line_1_1' title="bbox 116 438 166 495; baseline 0 0"><span class='ocrx_word' id='word_1_1' title='bbox 116 438 166 495; x_wconf 74' lang='lat' dir='ltr'>att</span> 
     </span>
    </p>
   </div>
   <div class='ocr_carea' id='block_1_2' title="bbox 593 421 1287 488">
    <p class='ocr_par' dir='ltr' id='par_1_2' title="bbox 593 421 1287 488">
     <span class='ocr_line' id='line_1_2' title="bbox 593 421 1287 488; baseline -0.017 -1"><span class='ocrx_word' id='word_1_2' title='bbox 593 429 880 488; x_wconf 70' lang='lat' dir='ltr'>DEFLORthONES</span> <span class='ocrx_word' id='word_1_3' title='bbox 900 429 949 485; x_wconf 83' lang='lat' dir='ltr'>SS.</span> <span class='ocrx_word' id='word_1_4' title='bbox 970 424 1126 483; x_wconf 78' lang='lat' dir='ltr'>uaruutt.</span> <span class='ocrx_word' id='word_1_5' title='bbox 1149 453 1184 465; x_wconf 91' lang='lat'>-</span> <span class='ocrx_word' id='word_1_6' title='bbox 1205 421 1287 477; x_wconf 84' lang='lat' dir='ltr'>Llssl</span> 
     </span>
    </p>
   </div>
   <div class='ocr_carea' id='block_1_3' title="bbox 1708 420 1761 477">
    <p class='ocr_par' dir='ltr' id='par_1_3' title="bbox 1708 420 1761 477">
     <span class='ocr_line' id='line_1_3' title="bbox 1708 420 1761 477; baseline 0 0"><span class='ocrx_word' id='word_1_7' title='bbox 1708 420 1761 477; x_wconf 70' lang='lat' dir='ltr'>atu</span> 
     </span>
    </p>
   </div>
   <div class='ocr_carea' id='block_1_4' title="bbox 118 534 1760 623">
    <p class='ocr_par' dir='ltr' id='par_1_4' title="bbox 118 534 1760 623">
     <span class='ocr_line' id='line_1_4' title="bbox 118 534 1760 623; baseline -0.009 -13"><span class='ocrx_word' id='word_1_8' title='bbox 118 554 153 610; x_wconf 91' lang='lat' dir='ltr'>rii</span> <span class='ocrx_word' id='word_1_9' title='bbox 186 561 283 611; x_wconf 84' lang='lat' dir='ltr'>autem</span> <span class='ocrx_word' id='word_1_10' title='bbox 323 554 474 611; x_wconf 83' lang='lat' dir='ltr'>necessarii</span> <span class='ocrx_word' id='word_1_11' title='bbox 508 560 592 619; x_wconf 87' lang='lat' dir='ltr'>sunt,</span> <span class='ocrx_word' id='word_1_12' title='bbox 623 550 689 623; x_wconf 83' lang='lat' dir='ltr'>qtria</span> <span class='ocrx_word' id='word_1_13' title='bbox 712 564 761 621; x_wconf 91' lang='lat' dir='ltr'>per</span> <span class='ocrx_word' id='word_1_14' title='bbox 779 564 828 603; x_wconf 87' lang='lat' dir='ltr'>cos</span> <span class='ocrx_word' id='word_1_15' title='bbox 863 544 1014 605; x_wconf 74' lang='lat' dir='ltr'>roxased</span> <span class='ocrx_word' id='word_1_16' title='bbox 1028 541 1124 613; x_wconf 91' lang='lat' dir='ltr'>spiritu</span> <span class='ocrx_word' id='word_1_17' title='bbox 1153 538 1293 598; x_wconf 83' lang='lat' dir='ltr'>uobiscum</span> <span class='ocrx_word' id='word_1_18' title='bbox 1320 552 1381 593; x_wconf 88' lang='lat' dir='ltr'>sum</span> <span class='ocrx_word' id='word_1_19' title='bbox 1408 535 1521 609; x_wconf 76' lang='lat' dir='ltr'>(Culusa.</span> <span class='ocrx_word' id='word_1_20' title='bbox 1539 536 1581 609; x_wconf 89' lang='grc' dir='ltr'><strong>ιι).</strong></span> <span class='ocrx_word' id='word_1_21' title='bbox 1602 558 1611 591; x_wconf 90' lang='grc' dir='ltr'><strong>ι</strong></span> <span class='ocrx_word' id='word_1_22' title='bbox 1631 534 1760 595; x_wconf 84' lang='lat' dir='ltr'>Pastores</span> 
     </span>
    </p>
   </div>
   <div class='ocr_carea' id='block_1_5' title="bbox 119 646 918 1638">
    <p class='ocr_par' dir='ltr' id='par_1_5' title="bbox 119 646 918 803">
     <span class='ocr_line' id='line_1_5' title="bbox 119 646 918 707; baseline -0.014 -1"><span class='ocrx_word' id='word_1_23' title='bbox 119 649 224 706; x_wconf 82' lang='lat' dir='ltr'>Christi</span> <span class='ocrx_word' id='word_1_24' title='bbox 235 650 360 707; x_wconf 91' lang='lat' dir='ltr'>auditur.</span> <span class='ocrx_word' id='word_1_25' title='bbox 371 647 471 705; x_wconf 80' lang='lat' dir='ltr'>Atrdite</span> <span class='ocrx_word' id='word_1_26' title='bbox 478 646 626 703; x_wconf 73' lang='lat' dir='ltr'>Domitium</span> <span class='ocrx_word' id='word_1_27' title='bbox 637 650 836 700; x_wconf 72' lang='lat' dir='ltr'><strong>monstrantem</strong></span> <span class='ocrx_word' id='word_1_28' title='bbox 848 656 918 697; x_wconf 83' lang='lat' dir='ltr'>nter·</span> 
     </span>
     <span class='ocr_line' id='line_1_6' title="bbox 121 744 257 803; baseline -0.037 0"><span class='ocrx_word' id='word_1_29' title='bbox 121 744 257 803; x_wconf 76' lang='lat' dir='ltr'>senarios.</span> 
     </span>
    </p>

    <p class='ocr_par' dir='ltr' id='par_1_6' title="bbox 120 824 918 1638">
     <span class='ocr_line' id='line_1_7' title="bbox 157 824 917 907; baseline -0.012 -20"><span class='ocrx_word' id='word_1_30' title='bbox 157 836 303 902; x_wconf 64' lang='lat' dir='ltr'>«Scribe,</span> <span class='ocrx_word' id='word_1_31' title='bbox 328 834 428 907; x_wconf 78' lang='lat' dir='ltr'>inquit,</span> <span class='ocrx_word' id='word_1_32' title='bbox 450 843 480 891; x_wconf 85' lang='lat' dir='ltr'>et</span> <span class='ocrx_word' id='word_1_33' title='bbox 499 831 630 890; x_wconf 71' lang='lat' dir='ltr'>Pharisaei</span> <span class='ocrx_word' id='word_1_34' title='bbox 658 843 741 899; x_wconf 88' lang='lat' dir='ltr'>super</span> <span class='ocrx_word' id='word_1_35' title='bbox 758 824 917 883; x_wconf 77' lang='lat' dir='ltr'>cathedram</span> 
     </span>
     <span class='ocr_line' id='line_1_8' title="bbox 121 916 918 999; baseline -0.014 -18"><span class='ocrx_word' id='word_1_36' title='bbox 121 926 209 999; x_wconf 73' lang='lat' dir='ltr'>hoyst</span> <span class='ocrx_word' id='word_1_37' title='bbox 223 925 355 984; x_wconf 88' lang='lat' dir='ltr'>sederunt</span> <span class='ocrx_word' id='word_1_38' title='bbox 368 945 377 994; x_wconf 90' lang='lat'>;</span> <span class='ocrx_word' id='word_1_39' title='bbox 392 943 454 999; x_wconf 82' lang='lat' dir='ltr'>quae</span> <span class='ocrx_word' id='word_1_40' title='bbox 464 927 559 983; x_wconf 91' lang='lat' dir='ltr'>dicuat</span> <span class='ocrx_word' id='word_1_41' title='bbox 579 924 682 990; x_wconf 72' lang='lat' dir='ltr'>tacite,</span> <span class='ocrx_word' id='word_1_42' title='bbox 698 936 760 993; x_wconf 81' lang='lat' dir='ltr'>qrtae</span> <span class='ocrx_word' id='word_1_43' title='bbox 772 927 863 975; x_wconf 87' lang='lat' dir='ltr'>autem</span> <span class='ocrx_word' id='word_1_44' title='bbox 877 916 918 971; x_wconf 91' lang='lat' dir='ltr'>la-</span> 
     </span>
     <span class='ocr_line' id='line_1_9' title="bbox 120 1007 916 1091; baseline -0.015 -18"><span class='ocrx_word' id='word_1_45' title='bbox 120 1018 198 1073; x_wconf 87' lang='lat' dir='ltr'>ciunt</span> <span class='ocrx_word' id='word_1_46' title='bbox 213 1017 304 1074; x_wconf 86' lang='lat' dir='ltr'>lacere</span> <span class='ocrx_word' id='word_1_47' title='bbox 314 1017 399 1073; x_wconf 85' lang='lat' dir='ltr'>nolite</span> <span class='ocrx_word' id='word_1_48' title='bbox 411 1017 522 1091; x_wconf 71' lang='lat' dir='ltr'>(hetha.</span> <span class='ocrx_word' id='word_1_49' title='bbox 534 1016 625 1085; x_wconf 76' lang='lat' dir='ltr'>arur).</span> <span class='ocrx_word' id='word_1_50' title='bbox 641 1034 650 1067; x_wconf 91' lang='grc' dir='ltr'><strong>ι</strong></span> <span class='ocrx_word' id='word_1_51' title='bbox 668 1012 738 1080; x_wconf 82' lang='lat' dir='ltr'>Quid</span> <span class='ocrx_word' id='word_1_52' title='bbox 750 1008 825 1065; x_wconf 85' lang='lat' dir='ltr'>alitttl</span> <span class='ocrx_word' id='word_1_53' title='bbox 837 1007 916 1074; x_wconf 84' lang='lat' dir='ltr'>dixit,</span> 
     </span>
     <span class='ocr_line' id='line_1_10' title="bbox 121 1099 918 1177; baseline -0.006 -16"><span class='ocrx_word' id='word_1_54' title='bbox 121 1108 175 1163; x_wconf 90' lang='lat' dir='ltr'>nisi</span> <span class='ocrx_word' id='word_1_55' title='bbox 191 1106 244 1165; x_wconf 83' lang='lat' dir='ltr'>Per</span> <span class='ocrx_word' id='word_1_56' title='bbox 254 1108 440 1165; x_wconf 69' lang='lat' dir='ltr'>mercenarios</span> <span class='ocrx_word' id='word_1_57' title='bbox 451 1122 547 1163; x_wconf 86' lang='lat' dir='ltr'>rocem</span> <span class='ocrx_word' id='word_1_58' title='bbox 566 1104 685 1177; x_wconf 90' lang='lat' dir='ltr'>pastoris</span> <span class='ocrx_word' id='word_1_59' title='bbox 694 1102 809 1159; x_wconf 81' lang='lat' dir='ltr'>audite?</span> <span class='ocrx_word' id='word_1_60' title='bbox 821 1099 918 1156; x_wconf 81' lang='lat' dir='ltr'>Nullus</span> 
     </span>
     <span class='ocr_line' id='line_1_11' title="bbox 120 1194 914 1267; baseline -0.003 -15"><span class='ocrx_word' id='word_1_61' title='bbox 120 1200 195 1253; x_wconf 87' lang='lat' dir='ltr'>enirn</span> <span class='ocrx_word' id='word_1_62' title='bbox 209 1199 397 1256; x_wconf 73' lang='lat' dir='ltr'>mercenarius</span> <span class='ocrx_word' id='word_1_63' title='bbox 419 1215 505 1256; x_wconf 89' lang='lat' dir='ltr'>ausus</span> <span class='ocrx_word' id='word_1_64' title='bbox 524 1207 567 1255; x_wconf 84' lang='lat' dir='ltr'>cst</span> <span class='ocrx_word' id='word_1_65' title='bbox 579 1198 670 1254; x_wconf 78' lang='lat' dir='ltr'>dicere</span> <span class='ocrx_word' id='word_1_66' title='bbox 684 1194 785 1267; x_wconf 91' lang='lat' dir='ltr'>populo</span> <span class='ocrx_word' id='word_1_67' title='bbox 797 1194 914 1250; x_wconf 80' lang='lat' dir='ltr'>Christi:</span> 
     </span>
     <span class='ocr_line' id='line_1_12' title="bbox 122 1286 915 1364; baseline -0.006 -19"><span class='ocrx_word' id='word_1_68' title='bbox 122 1290 182 1347; x_wconf 81' lang='lat' dir='ltr'>Tua</span> <span class='ocrx_word' id='word_1_69' title='bbox 200 1307 302 1364; x_wconf 75' lang='lat' dir='ltr'>quiere,</span> <span class='ocrx_word' id='word_1_70' title='bbox 319 1308 373 1348; x_wconf 93' lang='lat' dir='ltr'>non</span> <span class='ocrx_word' id='word_1_71' title='bbox 387 1308 449 1363; x_wconf 81' lang='lat' dir='ltr'>quae</span> <span class='ocrx_word' id='word_1_72' title='bbox 460 1291 526 1349; x_wconf 82' lang='lat' dir='ltr'>lesu</span> <span class='ocrx_word' id='word_1_73' title='bbox 546 1290 659 1347; x_wconf 78' lang='lat' dir='ltr'>Christi.</span> <span class='ocrx_word' id='word_1_74' title='bbox 673 1288 737 1345; x_wconf 90' lang='lat' dir='ltr'>lude</span> <span class='ocrx_word' id='word_1_75' title='bbox 751 1302 816 1358; x_wconf 85' lang='lat' dir='ltr'>crgo</span> <span class='ocrx_word' id='word_1_76' title='bbox 831 1286 915 1353; x_wconf 74' lang='lat' dir='ltr'>laedit,</span> 
     </span>
     <span class='ocr_line' id='line_1_13' title="bbox 122 1380 918 1452; baseline -0.006 -13"><span class='ocrx_word' id='word_1_77' title='bbox 122 1385 197 1441; x_wconf 86' lang='lat' dir='ltr'>uude</span> <span class='ocrx_word' id='word_1_78' title='bbox 209 1384 281 1440; x_wconf 92' lang='lat' dir='ltr'>mala</span> <span class='ocrx_word' id='word_1_79' title='bbox 301 1384 376 1452; x_wconf 85' lang='lat' dir='ltr'>lacit,</span> <span class='ocrx_word' id='word_1_80' title='bbox 392 1400 445 1439; x_wconf 91' lang='lat' dir='ltr'>non</span> <span class='ocrx_word' id='word_1_81' title='bbox 461 1385 534 1440; x_wconf 85' lang='lat' dir='ltr'>uode</span> <span class='ocrx_word' id='word_1_82' title='bbox 546 1384 619 1440; x_wconf 89' lang='lat' dir='ltr'>hona</span> <span class='ocrx_word' id='word_1_83' title='bbox 639 1382 716 1439; x_wconf 85' lang='lat' dir='ltr'>dicit.</span> <span class='ocrx_word' id='word_1_84' title='bbox 729 1380 842 1436; x_wconf 84' lang='lat' dir='ltr'>Botrmn</span> <span class='ocrx_word' id='word_1_85' title='bbox 856 1396 918 1437; x_wconf 90' lang='lat' dir='ltr'>car·</span> 
     </span>
     <span class='ocr_line' id='line_1_14' title="bbox 121 1470 915 1545; baseline -0.008 -14"><span class='ocrx_word' id='word_1_86' title='bbox 121 1490 167 1545; x_wconf 89' lang='lat' dir='ltr'>pc,</span> <span class='ocrx_word' id='word_1_87' title='bbox 184 1474 292 1545; x_wconf 89' lang='lat' dir='ltr'>spinam</span> <span class='ocrx_word' id='word_1_88' title='bbox 316 1490 391 1531; x_wconf 84' lang='lat' dir='ltr'>care.</span> <span class='ocrx_word' id='word_1_89' title='bbox 411 1473 510 1532; x_wconf 86' lang='lat' dir='ltr'>llotrus</span> <span class='ocrx_word' id='word_1_90' title='bbox 530 1473 680 1545; x_wconf 87' lang='lat' dir='ltr'>aliquando</span> <span class='ocrx_word' id='word_1_91' title='bbox 689 1471 846 1529; x_wconf 86' lang='lat' dir='ltr'>conseritur</span> <span class='ocrx_word' id='word_1_92' title='bbox 857 1470 915 1543; x_wconf 86' lang='lat' dir='ltr'>spi-</span> 
     </span>
     <span class='ocr_line' id='line_1_15' title="bbox 122 1563 917 1638; baseline -0.003 -18"><span class='ocrx_word' id='word_1_93' title='bbox 122 1567 176 1636; x_wconf 88' lang='lat' dir='ltr'>nis,</span> <span class='ocrx_word' id='word_1_94' title='bbox 203 1575 231 1623; x_wconf 93' lang='lat' dir='ltr'>et</span> <span class='ocrx_word' id='word_1_95' title='bbox 254 1575 346 1638; x_wconf 83' lang='lat' dir='ltr'>portat</span> <span class='ocrx_word' id='word_1_96' title='bbox 369 1565 447 1638; x_wconf 88' lang='lat' dir='ltr'>spina</span> <span class='ocrx_word' id='word_1_97' title='bbox 472 1582 526 1624; x_wconf 92' lang='lat' dir='ltr'>nou</span> <span class='ocrx_word' id='word_1_98' title='bbox 551 1580 632 1623; x_wconf 90' lang='lat' dir='ltr'>suum</span> <span class='ocrx_word' id='word_1_99' title='bbox 655 1564 787 1631; x_wconf 89' lang='lat' dir='ltr'>lructum,</span> <span class='ocrx_word' id='word_1_100' title='bbox 806 1563 917 1635; x_wconf 83' lang='lat' dir='ltr'>quando</span> 
     </span>
    </p>
   </div>
   <div class='ocr_carea' id='block_1_6' title="bbox 966 628 1762 1607">
    <p class='ocr_par' dir='ltr' id='par_1_7' title="bbox 966 628 1762 1607">
     <span class='ocr_line' id='line_1_16' title="bbox 968 628 1762 707; baseline -0.004 -17"><span class='ocrx_word' id='word_1_101' title='bbox 968 634 1051 707; x_wconf 87' lang='lat' dir='ltr'>igitur</span> <span class='ocrx_word' id='word_1_102' title='bbox 1074 647 1128 689; x_wconf 90' lang='lat' dir='ltr'>non</span> <span class='ocrx_word' id='word_1_103' title='bbox 1149 630 1202 687; x_wconf 90' lang='lat' dir='ltr'>sihi</span> <span class='ocrx_word' id='word_1_104' title='bbox 1222 630 1330 702; x_wconf 83' lang='lat' dir='ltr'>lugiunt</span> <span class='ocrx_word' id='word_1_105' title='bbox 1348 628 1372 685; x_wconf 91' lang='lat' dir='ltr'>si</span> <span class='ocrx_word' id='word_1_106' title='bbox 1393 629 1494 685; x_wconf 91' lang='lat' dir='ltr'>cedunt</span> <span class='ocrx_word' id='word_1_107' title='bbox 1518 630 1713 701; x_wconf 78' lang='lat' dir='ltr'>persecutioni,</span> <span class='ocrx_word' id='word_1_108' title='bbox 1730 643 1762 688; x_wconf 93' lang='lat' dir='ltr'>ut</span> 
     </span>
     <span class='ocr_line' id='line_1_17' title="bbox 968 720 1760 797; baseline -0.005 -15"><span class='ocrx_word' id='word_1_109' title='bbox 968 726 1026 797; x_wconf 90' lang='lat' dir='ltr'>ipse</span> <span class='ocrx_word' id='word_1_110' title='bbox 1047 724 1196 796; x_wconf 78' lang='lat' dir='ltr'>Apostolus</span> <span class='ocrx_word' id='word_1_111' title='bbox 1224 722 1381 779; x_wconf 83' lang='lat' dir='ltr'>suurnissus</span> <span class='ocrx_word' id='word_1_112' title='bbox 1401 720 1429 776; x_wconf 92' lang='lat' dir='ltr'>in</span> <span class='ocrx_word' id='word_1_113' title='bbox 1450 731 1543 793; x_wconf 89' lang='lat' dir='ltr'>sporta</span> <span class='ocrx_word' id='word_1_114' title='bbox 1567 738 1616 793; x_wconf 90' lang='lat' dir='ltr'>per</span> <span class='ocrx_word' id='word_1_115' title='bbox 1637 737 1760 779; x_wconf 92' lang='lat' dir='ltr'>murum.</span> 
     </span>
     <span class='ocr_line' id='line_1_18' title="bbox 967 811 1761 885; baseline -0.003 -14"><span class='ocrx_word' id='word_1_116' title='bbox 967 813 1038 872; x_wconf 85' lang='lat' dir='ltr'>Oves</span> <span class='ocrx_word' id='word_1_117' title='bbox 1052 828 1171 884; x_wconf 85' lang='lat' dir='ltr'>namque</span> <span class='ocrx_word' id='word_1_118' title='bbox 1193 812 1296 885; x_wconf 87' lang='lat' dir='ltr'>pastori</span> <span class='ocrx_word' id='word_1_119' title='bbox 1317 811 1343 867; x_wconf 89' lang='lat' dir='ltr'>in</span> <span class='ocrx_word' id='word_1_120' title='bbox 1367 812 1437 867; x_wconf 84' lang='lat' dir='ltr'>coelo</span> <span class='ocrx_word' id='word_1_121' title='bbox 1455 812 1561 868; x_wconf 79' lang='lat' dir='ltr'>sedenti</span> <span class='ocrx_word' id='word_1_122' title='bbox 1589 812 1761 869; x_wconf 86' lang='lat' dir='ltr'>orationihus</span> 
     </span>
     <span class='ocr_line' id='line_1_19' title="bbox 967 903 1761 979; baseline -0.003 -16"><span class='ocrx_word' id='word_1_123' title='bbox 967 905 1193 970; x_wconf 87' lang='lat' dir='ltr'>commendabat,</span> <span class='ocrx_word' id='word_1_124' title='bbox 1214 912 1350 960; x_wconf 88' lang='lat' dir='ltr'>seautem</span> <span class='ocrx_word' id='word_1_125' title='bbox 1375 903 1484 959; x_wconf 82' lang='lat' dir='ltr'>utilitati</span> <span class='ocrx_word' id='word_1_126' title='bbox 1510 920 1606 961; x_wconf 92' lang='lat' dir='ltr'>earum</span> <span class='ocrx_word' id='word_1_127' title='bbox 1631 904 1761 979; x_wconf 89' lang='lat' dir='ltr'>lugieudo</span> 
     </span>
     <span class='ocr_line' id='line_1_20' title="bbox 967 995 1761 1068; baseline 0.001 -14"><span class='ocrx_word' id='word_1_128' title='bbox 967 999 1105 1066; x_wconf 84' lang='lat' dir='ltr'>seruabat,</span> <span class='ocrx_word' id='word_1_129' title='bbox 1116 998 1188 1055; x_wconf 90' lang='lat' dir='ltr'>sicut</span> <span class='ocrx_word' id='word_1_130' title='bbox 1200 998 1320 1068; x_wconf 86' lang='lat' dir='ltr'>quodam</span> <span class='ocrx_word' id='word_1_131' title='bbox 1336 995 1397 1052; x_wconf 92' lang='lat' dir='ltr'>loco</span> <span class='ocrx_word' id='word_1_132' title='bbox 1411 996 1467 1052; x_wconf 89' lang='lat' dir='ltr'>ait:</span> <span class='ocrx_word' id='word_1_133' title='bbox 1488 1016 1498 1047; x_wconf 80' lang='grc' dir='ltr'><strong>ι</strong></span> <span class='ocrx_word' id='word_1_134' title='bbox 1516 996 1626 1054; x_wconf 86' lang='lat' dir='ltr'>llanerc</span> <span class='ocrx_word' id='word_1_135' title='bbox 1638 999 1664 1053; x_wconf 92' lang='lat' dir='ltr'>iu</span> <span class='ocrx_word' id='word_1_136' title='bbox 1678 1015 1761 1055; x_wconf 82' lang='lat' dir='ltr'>cantu</span> 
     </span>
     <span class='ocr_line' id='line_1_21' title="bbox 967 1088 1762 1162; baseline -0.001 -15"><span class='ocrx_word' id='word_1_137' title='bbox 967 1090 1153 1148; x_wconf 88' lang='lat' dir='ltr'>necessarium</span> <span class='ocrx_word' id='word_1_138' title='bbox 1170 1098 1280 1161; x_wconf 84' lang='lat' dir='ltr'>propter</span> <span class='ocrx_word' id='word_1_139' title='bbox 1294 1104 1344 1144; x_wconf 86' lang='lat' dir='ltr'>vos</span> <span class='ocrx_word' id='word_1_140' title='bbox 1355 1088 1468 1160; x_wconf 84' lang='lat' dir='ltr'>(Philip.</span> <span class='ocrx_word' id='word_1_141' title='bbox 1484 1091 1514 1158; x_wconf 93' lang='grc' dir='ltr'><strong>ι).</strong></span> <span class='ocrx_word' id='word_1_142' title='bbox 1536 1110 1545 1143; x_wconf 89' lang='grc' dir='ltr'><strong>ι</strong></span> <span class='ocrx_word' id='word_1_143' title='bbox 1562 1088 1604 1147; x_wconf 81' lang='lat' dir='ltr'>ah</span> <span class='ocrx_word' id='word_1_144' title='bbox 1615 1091 1675 1162; x_wconf 91' lang='lat' dir='ltr'>ipso</span> <span class='ocrx_word' id='word_1_145' title='bbox 1687 1108 1762 1147; x_wconf 87' lang='lat' dir='ltr'>num·</span> 
     </span>
     <span class='ocr_line' id='line_1_22' title="bbox 966 1180 1760 1257; baseline -0.001 -16"><span class='ocrx_word' id='word_1_146' title='bbox 966 1200 1020 1257; x_wconf 88' lang='lat' dir='ltr'>quc</span> <span class='ocrx_word' id='word_1_147' title='bbox 1031 1199 1127 1241; x_wconf 84' lang='lat' dir='ltr'>omues</span> <span class='ocrx_word' id='word_1_148' title='bbox 1137 1182 1300 1239; x_wconf 77' lang='lat' dir='ltr'>erudierant:</span> <span class='ocrx_word' id='word_1_149' title='bbox 1319 1201 1329 1233; x_wconf 90' lang='lat' dir='ltr'>t</span> <span class='ocrx_word' id='word_1_150' title='bbox 1354 1180 1383 1237; x_wconf 89' lang='lat' dir='ltr'>Si</span> <span class='ocrx_word' id='word_1_151' title='bbox 1397 1197 1445 1238; x_wconf 81' lang='lat' dir='ltr'>uos</span> <span class='ocrx_word' id='word_1_152' title='bbox 1467 1184 1603 1252; x_wconf 79' lang='lat' dir='ltr'>persecuti</span> <span class='ocrx_word' id='word_1_153' title='bbox 1617 1183 1719 1240; x_wconf 89' lang='lat' dir='ltr'>luerint</span> <span class='ocrx_word' id='word_1_154' title='bbox 1732 1187 1760 1240; x_wconf 92' lang='lat' dir='ltr'>iu</span> 
     </span>
     <span class='ocr_line' id='line_1_23' title="bbox 967 1274 1762 1347; baseline 0 -16"><span class='ocrx_word' id='word_1_155' title='bbox 967 1291 1021 1331; x_wconf 93' lang='lat' dir='ltr'>uua</span> <span class='ocrx_word' id='word_1_156' title='bbox 1033 1275 1154 1343; x_wconf 83' lang='lat' dir='ltr'>ciuitate,</span> <span class='ocrx_word' id='word_1_157' title='bbox 1169 1274 1256 1346; x_wconf 86' lang='lat' dir='ltr'>sugite</span> <span class='ocrx_word' id='word_1_158' title='bbox 1278 1274 1304 1330; x_wconf 92' lang='lat' dir='ltr'>in</span> <span class='ocrx_word' id='word_1_159' title='bbox 1328 1274 1410 1329; x_wconf 89' lang='lat' dir='ltr'>aliam</span> <span class='ocrx_word' id='word_1_160' title='bbox 1427 1274 1536 1347; x_wconf 64' lang='lat' dir='ltr'>hilatth.</span> <span class='ocrx_word' id='word_1_161' title='bbox 1558 1275 1597 1346; x_wconf 83' lang='grc' dir='ltr'><strong>ιι).</strong></span> <span class='ocrx_word' id='word_1_162' title='bbox 1617 1296 1626 1329; x_wconf 88' lang='grc' dir='ltr'><strong>ι</strong></span> <span class='ocrx_word' id='word_1_163' title='bbox 1644 1275 1673 1331; x_wconf 92' lang='lat' dir='ltr'>ln</span> <span class='ocrx_word' id='word_1_164' title='bbox 1689 1292 1762 1332; x_wconf 87' lang='lat' dir='ltr'>mer·</span> 
     </span>
     <span class='ocr_line' id='line_1_24' title="bbox 966 1366 1761 1441; baseline 0.001 -18"><span class='ocrx_word' id='word_1_165' title='bbox 966 1366 1079 1423; x_wconf 88' lang='lat' dir='ltr'>cenario</span> <span class='ocrx_word' id='word_1_166' title='bbox 1103 1382 1168 1439; x_wconf 90' lang='lat' dir='ltr'>ergo</span> <span class='ocrx_word' id='word_1_167' title='bbox 1196 1366 1427 1437; x_wconf 83' lang='lat' dir='ltr'>reprehenditur,</span> <span class='ocrx_word' id='word_1_168' title='bbox 1453 1382 1508 1422; x_wconf 91' lang='lat' dir='ltr'>non</span> <span class='ocrx_word' id='word_1_169' title='bbox 1531 1369 1656 1440; x_wconf 90' lang='lat' dir='ltr'>corporis</span> <span class='ocrx_word' id='word_1_170' title='bbox 1678 1368 1761 1441; x_wconf 86' lang='lat' dir='ltr'>luga,</span> 
     </span>
     <span class='ocr_line' id='line_1_25' title="bbox 966 1458 1762 1531; baseline -0.003 -16"><span class='ocrx_word' id='word_1_171' title='bbox 966 1459 1014 1515; x_wconf 85' lang='lat' dir='ltr'>scd</span> <span class='ocrx_word' id='word_1_172' title='bbox 1028 1458 1137 1527; x_wconf 86' lang='lat' dir='ltr'>mentis,</span> <span class='ocrx_word' id='word_1_173' title='bbox 1154 1467 1181 1513; x_wconf 86' lang='lat' dir='ltr'>et</span> <span class='ocrx_word' id='word_1_174' title='bbox 1193 1458 1266 1529; x_wconf 86' lang='lat' dir='ltr'>quod</span> <span class='ocrx_word' id='word_1_175' title='bbox 1283 1472 1332 1513; x_wconf 89' lang='lat' dir='ltr'>sua</span> <span class='ocrx_word' id='word_1_176' title='bbox 1346 1459 1455 1529; x_wconf 74' lang='lat' dir='ltr'>‹guaer-it,</span> <span class='ocrx_word' id='word_1_177' title='bbox 1468 1474 1521 1513; x_wconf 92' lang='lat' dir='ltr'>non</span> <span class='ocrx_word' id='word_1_178' title='bbox 1532 1475 1593 1531; x_wconf 77' lang='lat' dir='ltr'>qttae</span> <span class='ocrx_word' id='word_1_179' title='bbox 1605 1458 1667 1516; x_wconf 82' lang='lat' dir='ltr'>lusu</span> <span class='ocrx_word' id='word_1_180' title='bbox 1680 1460 1762 1514; x_wconf 82' lang='lat' dir='ltr'>Chri·</span> 
     </span>
     <span class='ocr_line' id='line_1_26' title="bbox 967 1550 1012 1607; baseline -0.044 0"><span class='ocrx_word' id='word_1_181' title='bbox 967 1550 1012 1607; x_wconf 91' lang='lat' dir='ltr'>sti.</span> 
     </span>
    </p>
   </div>
   <div class='ocr_carea' id='block_1_7' title="bbox 120 1640 1762 2375">
    <p class='ocr_par' dir='ltr' id='par_1_8' title="bbox 120 1640 1762 2375">
     <span class='ocr_line' id='line_1_27' title="bbox 121 1640 1761 1730; baseline -0.001 -16"><span class='ocrx_word' id='word_1_182' title='bbox 121 1660 212 1728; x_wconf 87' lang='lat' dir='ltr'>spinis</span> <span class='ocrx_word' id='word_1_183' title='bbox 234 1660 340 1730; x_wconf 88' lang='lat' dir='ltr'>palmes</span> <span class='ocrx_word' id='word_1_184' title='bbox 367 1657 509 1714; x_wconf 84' lang='lat' dir='ltr'>incumbit.</span> <span class='ocrx_word' id='word_1_185' title='bbox 521 1656 658 1713; x_wconf 82' lang='lat' dir='ltr'>Cathcdra</span> <span class='ocrx_word' id='word_1_186' title='bbox 669 1655 756 1728; x_wconf 82' lang='lat' dir='ltr'>lloysi</span> <span class='ocrx_word' id='word_1_187' title='bbox 771 1654 835 1711; x_wconf 84' lang='lat' dir='ltr'>vitis</span> <span class='ocrx_word' id='word_1_188' title='bbox 846 1662 915 1722; x_wconf 88' lang='lat' dir='ltr'>erat,</span> <span class='ocrx_word' id='word_1_189' title='bbox 1005 1660 1014 1692; x_wconf 80' lang='lat'>¹</span> <span class='ocrx_word' id='word_1_190' title='bbox 1029 1640 1085 1714; x_wconf 71' lang='grc' dir='ltr'>Εὸθ</span> <span class='ocrx_word' id='word_1_191' title='bbox 1098 1657 1158 1697; x_wconf 67' lang='lat'>⁵⁰1⁰</span> <span class='ocrx_word' id='word_1_192' title='bbox 1178 1651 1271 1712; x_wconf 89' lang='lat' dir='ltr'>pastor</span> <span class='ocrx_word' id='word_1_193' title='bbox 1286 1642 1385 1709; x_wconf 68' lang='lat' dir='ltr'>¹l⁰¹¹l¹⁸2</span> <span class='ocrx_word' id='word_1_194' title='bbox 1397 1651 1425 1697; x_wconf 69' lang='grc' dir='ltr'>θῑ</span> <span class='ocrx_word' id='word_1_195' title='bbox 1436 1657 1573 1714; x_wconf 76' lang='lat' dir='ltr'><strong>⁰⁰h¹¹⁰⁵⁰0</strong></span> <span class='ocrx_word' id='word_1_196' title='bbox 1588 1658 1665 1699; x_wconf 69' lang='lat'><strong>”¹0³⁵</strong></span> <span class='ocrx_word' id='word_1_197' title='bbox 1675 1652 1703 1699; x_wconf 73' lang='grc' dir='ltr'>θῑ</span> <span class='ocrx_word' id='word_1_198' title='bbox 1714 1658 1761 1698; x_wconf 74' lang='lat'>⁰⁰·</span> 
     </span>
     <span class='ocr_line' id='line_1_28' title="bbox 122 1734 1762 1820; baseline -0.001 -30"><span class='ocrx_word' id='word_1_199' title='bbox 122 1750 325 1807; x_wconf 63' lang='lat' dir='ltr'>ppgpjgaeofflm</span> <span class='ocrx_word' id='word_1_200' title='bbox 336 1766 426 1807; x_wconf 57' lang='lat' dir='ltr'><strong>mores</strong></span> <span class='ocrx_word' id='word_1_201' title='bbox 439 1750 535 1820; x_wconf 48' lang='lat' dir='ltr'>spinas,</span> <span class='ocrx_word' id='word_1_202' title='bbox 545 1749 670 1805; x_wconf 60' lang='lat' dir='ltr'>gocgfjna</span> <span class='ocrx_word' id='word_1_203' title='bbox 684 1762 748 1805; x_wconf 63' lang='lat' dir='ltr'>vm</span> <span class='ocrx_word' id='word_1_204' title='bbox 758 1762 807 1818; x_wconf 62' lang='lat' dir='ltr'>per</span> <span class='ocrx_word' id='word_1_205' title='bbox 818 1747 915 1813; x_wconf 55' lang='lat' dir='ltr'>gratos,</span> <span class='ocrx_word' id='word_1_206' title='bbox 966 1743 1102 1806; x_wconf 90' lang='lat' dir='ltr'>gnoscunt</span> <span class='ocrx_word' id='word_1_207' title='bbox 1114 1750 1158 1789; x_wconf 90' lang='lat' dir='ltr'>me</span> <span class='ocrx_word' id='word_1_208' title='bbox 1170 1750 1263 1791; x_wconf 73' lang='lat' dir='ltr'>nicae.»</span> <span class='ocrx_word' id='word_1_209' title='bbox 1278 1734 1422 1807; x_wconf 83' lang='lat' dir='ltr'>Cognosco</span> <span class='ocrx_word' id='word_1_210' title='bbox 1434 1750 1520 1802; x_wconf 90' lang='lat' dir='ltr'>meas,</span> <span class='ocrx_word' id='word_1_211' title='bbox 1534 1734 1560 1790; x_wconf 93' lang='lat' dir='ltr'>id</span> <span class='ocrx_word' id='word_1_212' title='bbox 1570 1742 1613 1791; x_wconf 90' lang='lat' dir='ltr'>est</span> <span class='ocrx_word' id='word_1_213' title='bbox 1623 1734 1722 1809; x_wconf 83' lang='lat' dir='ltr'>diligo;</span> <span class='ocrx_word' id='word_1_214' title='bbox 1734 1744 1762 1790; x_wconf 86' lang='lat' dir='ltr'>et</span> 
     </span>
     <span class='ocr_line' id='line_1_29' title="bbox 121 1826 1761 1912; baseline -0.005 -22"><span class='ocrx_word' id='word_1_215' title='bbox 121 1842 265 1912; x_wconf 65' lang='lat' dir='ltr'>palmasius</span> <span class='ocrx_word' id='word_1_216' title='bbox 275 1850 385 1910; x_wconf 47' lang='grc' dir='ltr'><strong>ὅρμοι</strong></span> <span class='ocrx_word' id='word_1_217' title='bbox 394 1841 491 1898; x_wconf 70' lang='lat' dir='ltr'>horrus</span> <span class='ocrx_word' id='word_1_218' title='bbox 502 1840 574 1895; x_wconf 65' lang='lat' dir='ltr'>incer</span> <span class='ocrx_word' id='word_1_219' title='bbox 583 1838 687 1910; x_wconf 74' lang='lat' dir='ltr'>spinas,</span> <span class='ocrx_word' id='word_1_220' title='bbox 696 1837 783 1893; x_wconf 65' lang='lat' dir='ltr'>Caura</span> <span class='ocrx_word' id='word_1_221' title='bbox 794 1837 873 1907; x_wconf 68' lang='lat' dir='ltr'>elige,</span> <span class='ocrx_word' id='word_1_222' title='bbox 881 1852 917 1893; x_wconf 64' lang='lat' dir='ltr'>ne</span> <span class='ocrx_word' id='word_1_223' title='bbox 966 1842 1035 1883; x_wconf 79' lang='lat' dir='ltr'>ruere</span> <span class='ocrx_word' id='word_1_224' title='bbox 1045 1828 1163 1900; x_wconf 91' lang='lat' dir='ltr'>diligunt</span> <span class='ocrx_word' id='word_1_225' title='bbox 1174 1844 1226 1884; x_wconf 89' lang='lat' dir='ltr'>mc.</span> <span class='ocrx_word' id='word_1_226' title='bbox 1240 1826 1268 1882; x_wconf 93' lang='lat' dir='ltr'>ln</span> <span class='ocrx_word' id='word_1_227' title='bbox 1280 1827 1360 1885; x_wconf 83' lang='lat' dir='ltr'>hortis</span> <span class='ocrx_word' id='word_1_228' title='bbox 1375 1837 1417 1885; x_wconf 88' lang='lat' dir='ltr'>cst</span> <span class='ocrx_word' id='word_1_229' title='bbox 1428 1828 1542 1896; x_wconf 90' lang='lat' dir='ltr'>ostium,</span> <span class='ocrx_word' id='word_1_230' title='bbox 1556 1828 1696 1895; x_wconf 87' lang='lat' dir='ltr'>ostiarius,</span> <span class='ocrx_word' id='word_1_231' title='bbox 1713 1844 1761 1899; x_wconf 92' lang='lat' dir='ltr'>pa-</span> 
     </span>
     <span class='ocr_line' id='line_1_30' title="bbox 121 1916 1758 2004; baseline -0.005 -20"><span class='ocrx_word' id='word_1_232' title='bbox 121 1933 188 1989; x_wconf 88' lang='lat' dir='ltr'>dum</span> <span class='ocrx_word' id='word_1_233' title='bbox 204 1933 306 2004; x_wconf 68' lang='lat' dir='ltr'>quaer-is</span> <span class='ocrx_word' id='word_1_234' title='bbox 318 1932 436 1989; x_wconf 80' lang='lat' dir='ltr'>fructum</span> <span class='ocrx_word' id='word_1_235' title='bbox 448 1932 553 1989; x_wconf 82' lang='lat' dir='ltr'>laceres</span> <span class='ocrx_word' id='word_1_236' title='bbox 564 1932 697 1988; x_wconf 86' lang='lat' dir='ltr'>muttdum</span> <span class='ocrx_word' id='word_1_237' title='bbox 709 1927 876 2004; x_wconf 78' lang='lat' dir='ltr'>[mattuut?],</span> <span class='ocrx_word' id='word_1_238' title='bbox 886 1937 914 1985; x_wconf 77' lang='lat' dir='ltr'>et</span> <span class='ocrx_word' id='word_1_239' title='bbox 929 1916 951 1976; x_wconf 83' lang='grc' dir='ltr'><strong>Β</strong></span> <span class='ocrx_word' id='word_1_240' title='bbox 965 1931 1032 1989; x_wconf 83' lang='lat' dir='ltr'>slot,</span> <span class='ocrx_word' id='word_1_241' title='bbox 1045 1936 1120 1977; x_wconf 74' lang='lat' dir='ltr'>oves,</span> <span class='ocrx_word' id='word_1_242' title='bbox 1144 1920 1174 1977; x_wconf 86' lang='lat' dir='ltr'>ln</span> <span class='ocrx_word' id='word_1_243' title='bbox 1193 1920 1273 1977; x_wconf 78' lang='lat' dir='ltr'>malis</span> <span class='ocrx_word' id='word_1_244' title='bbox 1285 1920 1374 1987; x_wconf 81' lang='lat' dir='ltr'>lures;</span> <span class='ocrx_word' id='word_1_245' title='bbox 1393 1922 1512 1977; x_wconf 80' lang='lat' dir='ltr'>lairotrcs</span> <span class='ocrx_word' id='word_1_246' title='bbox 1525 1964 1533 1988; x_wconf 91' lang='lat'>,</span> <span class='ocrx_word' id='word_1_247' title='bbox 1560 1920 1758 1985; x_wconf 71' lang='lat' dir='ltr'>ntettsettariucr,</span> 
     </span>
     <span class='ocr_line' id='line_1_31' title="bbox 120 2018 1757 2092; baseline -0.005 -12"><span class='ocrx_word' id='word_1_248' title='bbox 120 2041 185 2081; x_wconf 87' lang='lat' dir='ltr'>cum</span> <span class='ocrx_word' id='word_1_249' title='bbox 206 2026 285 2081; x_wconf 90' lang='lat' dir='ltr'>audis</span> <span class='ocrx_word' id='word_1_250' title='bbox 298 2027 369 2081; x_wconf 87' lang='lat' dir='ltr'>hona</span> <span class='ocrx_word' id='word_1_251' title='bbox 390 2024 536 2092; x_wconf 85' lang='lat' dir='ltr'>dicentem,</span> <span class='ocrx_word' id='word_1_252' title='bbox 559 2039 594 2081; x_wconf 89' lang='lat' dir='ltr'>ue</span> <span class='ocrx_word' id='word_1_253' title='bbox 607 2024 724 2080; x_wconf 84' lang='lat' dir='ltr'>imiteris</span> <span class='ocrx_word' id='word_1_254' title='bbox 741 2023 813 2079; x_wconf 89' lang='lat' dir='ltr'>mala</span> <span class='ocrx_word' id='word_1_255' title='bbox 826 2021 916 2079; x_wconf 84' lang='lat' dir='ltr'>lacien</span> <span class='ocrx_word' id='word_1_256' title='bbox 967 2019 1058 2091; x_wconf 91' lang='lat' dir='ltr'>lupus.</span> <span class='ocrx_word' id='word_1_257' title='bbox 1076 2018 1209 2075; x_wconf 86' lang='lat' dir='ltr'>llorniuus</span> <span class='ocrx_word' id='word_1_258' title='bbox 1232 2018 1299 2075; x_wconf 91' lang='lat' dir='ltr'>dicit</span> <span class='ocrx_word' id='word_1_259' title='bbox 1319 2034 1349 2075; x_wconf 88' lang='lat' dir='ltr'>se</span> <span class='ocrx_word' id='word_1_260' title='bbox 1366 2034 1427 2075; x_wconf 89' lang='lat' dir='ltr'>esse</span> <span class='ocrx_word' id='word_1_261' title='bbox 1440 2018 1542 2075; x_wconf 85' lang='lat' dir='ltr'>ostium</span> <span class='ocrx_word' id='word_1_262' title='bbox 1561 2027 1588 2073; x_wconf 89' lang='lat' dir='ltr'>et</span> <span class='ocrx_word' id='word_1_263' title='bbox 1610 2026 1757 2088; x_wconf 85' lang='lat' dir='ltr'>pastorem.</span> 
     </span>
     <span class='ocr_line' id='line_1_32' title="bbox 121 2110 1761 2189; baseline -0.006 -15"><span class='ocrx_word' id='word_1_264' title='bbox 121 2128 188 2175; x_wconf 87' lang='lat' dir='ltr'>tem.</span> <span class='ocrx_word' id='word_1_265' title='bbox 202 2118 476 2187; x_wconf 82' lang='lat' dir='ltr'>Quaedicunttache,</span> <span class='ocrx_word' id='word_1_266' title='bbox 489 2118 580 2189; x_wconf 76' lang='lat' dir='ltr'>eligite</span> <span class='ocrx_word' id='word_1_267' title='bbox 595 2132 680 2185; x_wconf 86' lang='lat' dir='ltr'>uuas;</span> <span class='ocrx_word' id='word_1_268' title='bbox 698 2132 760 2189; x_wconf 74' lang='lat' dir='ltr'>quae</span> <span class='ocrx_word' id='word_1_269' title='bbox 772 2124 864 2171; x_wconf 89' lang='lat' dir='ltr'>autem</span> <span class='ocrx_word' id='word_1_270' title='bbox 876 2113 914 2171; x_wconf 89' lang='lat' dir='ltr'>la·</span> <span class='ocrx_word' id='word_1_271' title='bbox 968 2112 1021 2168; x_wconf 88' lang='lat' dir='ltr'>Sed</span> <span class='ocrx_word' id='word_1_272' title='bbox 1036 2114 1060 2169; x_wconf 92' lang='lat' dir='ltr'>si</span> <span class='ocrx_word' id='word_1_273' title='bbox 1071 2111 1278 2169; x_wconf 84' lang='lat' dir='ltr'>consideremus</span> <span class='ocrx_word' id='word_1_274' title='bbox 1293 2111 1484 2183; x_wconf 85' lang='lat' dir='ltr'>proprietates,</span> <span class='ocrx_word' id='word_1_275' title='bbox 1504 2110 1633 2167; x_wconf 84' lang='lat' dir='ltr'>Christus</span> <span class='ocrx_word' id='word_1_276' title='bbox 1645 2125 1695 2166; x_wconf 89' lang='lat' dir='ltr'>nec</span> <span class='ocrx_word' id='word_1_277' title='bbox 1712 2125 1761 2182; x_wconf 90' lang='lat' dir='ltr'>pa·</span> 
     </span>
     <span class='ocr_line' id='line_1_33' title="bbox 120 2203 1760 2282; baseline -0.007 -16"><span class='ocrx_word' id='word_1_278' title='bbox 120 2212 198 2267; x_wconf 90' lang='lat' dir='ltr'>ciunt</span> <span class='ocrx_word' id='word_1_279' title='bbox 209 2210 299 2269; x_wconf 87' lang='lat' dir='ltr'>lacere</span> <span class='ocrx_word' id='word_1_280' title='bbox 309 2212 404 2281; x_wconf 89' lang='lat' dir='ltr'>nolite,</span> <span class='ocrx_word' id='word_1_281' title='bbox 415 2220 509 2268; x_wconf 80' lang='lat' dir='ltr'>cauete</span> <span class='ocrx_word' id='word_1_282' title='bbox 522 2211 628 2282; x_wconf 87' lang='lat' dir='ltr'>spinas.</span> <span class='ocrx_word' id='word_1_283' title='bbox 641 2210 742 2267; x_wconf 75' lang='lat' dir='ltr'>Audite</span> <span class='ocrx_word' id='word_1_284' title='bbox 755 2210 915 2282; x_wconf 77' lang='lat' dir='ltr'>Apostolum</span> <span class='ocrx_word' id='word_1_285' title='bbox 967 2215 1026 2263; x_wconf 86' lang='lat' dir='ltr'>stur</span> <span class='ocrx_word' id='word_1_286' title='bbox 1043 2216 1105 2271; x_wconf 89' lang='lat' dir='ltr'>est,</span> <span class='ocrx_word' id='word_1_287' title='bbox 1121 2220 1172 2261; x_wconf 89' lang='lat' dir='ltr'>nec</span> <span class='ocrx_word' id='word_1_288' title='bbox 1186 2205 1299 2271; x_wconf 88' lang='lat' dir='ltr'>ostium,</span> <span class='ocrx_word' id='word_1_289' title='bbox 1313 2203 1490 2259; x_wconf 87' lang='lat' dir='ltr'>similitudine</span> <span class='ocrx_word' id='word_1_290' title='bbox 1503 2211 1593 2257; x_wconf 88' lang='lat' dir='ltr'>autem</span> <span class='ocrx_word' id='word_1_291' title='bbox 1615 2212 1642 2258; x_wconf 89' lang='lat' dir='ltr'>et</span> <span class='ocrx_word' id='word_1_292' title='bbox 1657 2210 1760 2273; x_wconf 85' lang='lat' dir='ltr'>pastor,</span> 
     </span>
     <span class='ocr_line' id='line_1_34' title="bbox 120 2294 1761 2375; baseline -0.005 -18"><span class='ocrx_word' id='word_1_293' title='bbox 120 2304 156 2357; x_wconf 90' lang='lat' dir='ltr'>de</span> <span class='ocrx_word' id='word_1_294' title='bbox 177 2304 522 2375; x_wconf 83' lang='lat' dir='ltr'>merecnariisloquentem</span> <span class='ocrx_word' id='word_1_295' title='bbox 536 2322 543 2358; x_wconf 75' lang='grc' dir='ltr'><strong>ι</strong></span> <span class='ocrx_word' id='word_1_296' title='bbox 559 2324 568 2354; x_wconf 88' lang='lat' dir='ltr'>t</span> <span class='ocrx_word' id='word_1_297' title='bbox 585 2301 657 2369; x_wconf 84' lang='lat' dir='ltr'>Quid</span> <span class='ocrx_word' id='word_1_298' title='bbox 671 2302 745 2357; x_wconf 91' lang='lat' dir='ltr'>enim</span> <span class='ocrx_word' id='word_1_299' title='bbox 756 2301 822 2357; x_wconf 92' lang='lat' dir='ltr'>dum</span> <span class='ocrx_word' id='word_1_300' title='bbox 840 2298 916 2356; x_wconf 86' lang='lat' dir='ltr'>orrrui</span> <span class='ocrx_word' id='word_1_301' title='bbox 966 2306 993 2353; x_wconf 93' lang='lat' dir='ltr'>et</span> <span class='ocrx_word' id='word_1_302' title='bbox 1014 2298 1127 2364; x_wconf 88' lang='lat' dir='ltr'>ostium,</span> <span class='ocrx_word' id='word_1_303' title='bbox 1141 2306 1169 2353; x_wconf 89' lang='lat' dir='ltr'>ct</span> <span class='ocrx_word' id='word_1_304' title='bbox 1189 2297 1259 2353; x_wconf 83' lang='lat' dir='ltr'>ouis.</span> <span class='ocrx_word' id='word_1_305' title='bbox 1285 2295 1428 2367; x_wconf 84' lang='lat' dir='ltr'>Tanquam</span> <span class='ocrx_word' id='word_1_306' title='bbox 1453 2295 1526 2351; x_wconf 89' lang='lat' dir='ltr'>euim</span> <span class='ocrx_word' id='word_1_307' title='bbox 1542 2295 1602 2351; x_wconf 85' lang='lat' dir='ltr'>oris</span> <span class='ocrx_word' id='word_1_308' title='bbox 1615 2294 1648 2349; x_wconf 90' lang='lat' dir='ltr'>ad</span> <span class='ocrx_word' id='word_1_309' title='bbox 1662 2294 1761 2349; x_wconf 91' lang='lat' dir='ltr'>inuno-</span> 
     </span>
    </p>
   </div>
   <div class='ocr_carea' id='block_1_8' title="bbox 118 2394 916 2929">
    <p class='ocr_par' dir='ltr' id='par_1_9' title="bbox 118 2394 916 2929">
     <span class='ocr_line' id='line_1_35' title="bbox 120 2394 916 2463; baseline -0.001 -13"><span class='ocrx_word' id='word_1_310' title='bbox 120 2395 205 2451; x_wconf 87' lang='lat' dir='ltr'>rnodo</span> <span class='ocrx_word' id='word_1_311' title='bbox 219 2395 278 2451; x_wconf 83' lang='lat' dir='ltr'>siue</span> <span class='ocrx_word' id='word_1_312' title='bbox 301 2394 532 2463; x_wconf 64' lang='lat' dir='ltr'>occasionemve</span> <span class='ocrx_word' id='word_1_313' title='bbox 557 2397 671 2452; x_wconf 81' lang='lat' dir='ltr'>rer-itate</span> <span class='ocrx_word' id='word_1_314' title='bbox 692 2394 795 2451; x_wconf 84' lang='lat' dir='ltr'>Christi</span> <span class='ocrx_word' id='word_1_315' title='bbox 807 2410 916 2449; x_wconf 90' lang='lat' dir='ltr'>aunuu-</span> 
     </span>
     <span class='ocr_line' id='line_1_36' title="bbox 120 2485 916 2559; baseline 0.001 -18"><span class='ocrx_word' id='word_1_316' title='bbox 120 2487 226 2543; x_wconf 82' lang='lat' dir='ltr'>tieturl</span> <span class='ocrx_word' id='word_1_317' title='bbox 236 2486 349 2558; x_wconf 83' lang='lat' dir='ltr'>(Philip.</span> <span class='ocrx_word' id='word_1_318' title='bbox 363 2490 396 2559; x_wconf 90' lang='grc' dir='ltr'><strong>ι.)</strong></span> <span class='ocrx_word' id='word_1_319' title='bbox 414 2506 425 2540; x_wconf 88' lang='grc' dir='ltr'><strong>ι</strong></span> <span class='ocrx_word' id='word_1_320' title='bbox 440 2485 559 2554; x_wconf 73' lang='lat' dir='ltr'>Veritas,</span> <span class='ocrx_word' id='word_1_321' title='bbox 578 2487 657 2545; x_wconf 90' lang='lat' dir='ltr'>idest</span> <span class='ocrx_word' id='word_1_322' title='bbox 670 2486 797 2543; x_wconf 86' lang='lat' dir='ltr'>Christus</span> <span class='ocrx_word' id='word_1_323' title='bbox 813 2503 828 2543; x_wconf 91' lang='lat' dir='ltr'>a</span> <span class='ocrx_word' id='word_1_324' title='bbox 844 2503 916 2542; x_wconf 90' lang='lat' dir='ltr'>mer-</span> 
     </span>
     <span class='ocr_line' id='line_1_37' title="bbox 120 2580 913 2649; baseline -0.003 -14"><span class='ocrx_word' id='word_1_325' title='bbox 120 2580 241 2635; x_wconf 88' lang='lat' dir='ltr'>cenariis</span> <span class='ocrx_word' id='word_1_326' title='bbox 267 2581 432 2649; x_wconf 88' lang='lat' dir='ltr'>occasione,</span> <span class='ocrx_word' id='word_1_327' title='bbox 455 2596 471 2635; x_wconf 90' lang='lat' dir='ltr'>a</span> <span class='ocrx_word' id='word_1_328' title='bbox 500 2580 562 2637; x_wconf 85' lang='lat' dir='ltr'>lllils</span> <span class='ocrx_word' id='word_1_329' title='bbox 585 2580 699 2636; x_wconf 88' lang='lat' dir='ltr'>veritate</span> <span class='ocrx_word' id='word_1_330' title='bbox 723 2580 913 2635; x_wconf 84' lang='lat' dir='ltr'>artrrontiatur.</span> 
     </span>
     <span class='ocr_line' id='line_1_38' title="bbox 119 2672 915 2745; baseline 0.003 -18"><span class='ocrx_word' id='word_1_331' title='bbox 119 2672 184 2728; x_wconf 81' lang='lat' dir='ltr'>Filii</span> <span class='ocrx_word' id='word_1_332' title='bbox 204 2682 335 2729; x_wconf 73' lang='lat' dir='ltr'>ammam</span> <span class='ocrx_word' id='word_1_333' title='bbox 357 2674 541 2730; x_wconf 70' lang='lat' dir='ltr'>hereditatem</span> <span class='ocrx_word' id='word_1_334' title='bbox 562 2673 639 2744; x_wconf 87' lang='lat' dir='ltr'>prius</span> <span class='ocrx_word' id='word_1_335' title='bbox 657 2674 792 2744; x_wconf 88' lang='lat' dir='ltr'>patienter·</span> <span class='ocrx_word' id='word_1_336' title='bbox 815 2688 915 2745; x_wconf 78' lang='lat' dir='ltr'>cuspe-</span> 
     </span>
     <span class='ocr_line' id='line_1_39' title="bbox 118 2763 915 2836; baseline -0.003 -15"><span class='ocrx_word' id='word_1_337' title='bbox 118 2773 208 2832; x_wconf 89' lang='lat' dir='ltr'>ctant,</span> <span class='ocrx_word' id='word_1_338' title='bbox 222 2766 384 2823; x_wconf 85' lang='lat' dir='ltr'>mercenarii</span> <span class='ocrx_word' id='word_1_339' title='bbox 402 2766 579 2836; x_wconf 86' lang='lat' dir='ltr'>temporalem</span> <span class='ocrx_word' id='word_1_340' title='bbox 603 2766 757 2823; x_wconf 87' lang='lat' dir='ltr'>mercedem</span> <span class='ocrx_word' id='word_1_341' title='bbox 781 2763 915 2821; x_wconf 69' lang='lat' dir='ltr'>[estinan-</span> 
     </span>
     <span class='ocr_line' id='line_1_40' title="bbox 118 2854 916 2929; baseline -0.003 -16"><span class='ocrx_word' id='word_1_342' title='bbox 118 2866 162 2913; x_wconf 86' lang='lat' dir='ltr'>ter</span> <span class='ocrx_word' id='word_1_343' title='bbox 173 2866 316 2929; x_wconf 83' lang='lat' dir='ltr'>exoptant.</span> <span class='ocrx_word' id='word_1_344' title='bbox 329 2854 515 2913; x_wconf 87' lang='lat' dir='ltr'>llercenarius</span> <span class='ocrx_word' id='word_1_345' title='bbox 526 2858 618 2929; x_wconf 86' lang='lat' dir='ltr'>itaque</span> <span class='ocrx_word' id='word_1_346' title='bbox 631 2865 674 2915; x_wconf 88' lang='lat' dir='ltr'>cst</span> <span class='ocrx_word' id='word_1_347' title='bbox 693 2856 740 2927; x_wconf 80' lang='lat' dir='ltr'>qui</span> <span class='ocrx_word' id='word_1_348' title='bbox 764 2856 854 2913; x_wconf 88' lang='lat' dir='ltr'>locum</span> <span class='ocrx_word' id='word_1_349' title='bbox 866 2870 916 2927; x_wconf 85' lang='lat' dir='ltr'>pa-</span> 
     </span>
    </p>
   </div>
   <div class='ocr_carea' id='block_1_9' title="bbox 965 2390 1761 2924">
    <p class='ocr_par' dir='ltr' id='par_1_10' title="bbox 965 2390 1761 2924">
     <span class='ocr_line' id='line_1_41' title="bbox 966 2390 1760 2462; baseline -0.003 -17"><span class='ocrx_word' id='word_1_350' title='bbox 966 2390 1077 2447; x_wconf 93' lang='lat' dir='ltr'>landum</span> <span class='ocrx_word' id='word_1_351' title='bbox 1098 2390 1197 2449; x_wconf 91' lang='lat' dir='ltr'>ductus</span> <span class='ocrx_word' id='word_1_352' title='bbox 1221 2402 1272 2448; x_wconf 92' lang='lat' dir='ltr'>est.</span> <span class='ocrx_word' id='word_1_353' title='bbox 1295 2390 1383 2448; x_wconf 85' lang='lat' dir='ltr'>lanua</span> <span class='ocrx_word' id='word_1_354' title='bbox 1404 2402 1445 2449; x_wconf 88' lang='lat' dir='ltr'>est</span> <span class='ocrx_word' id='word_1_355' title='bbox 1460 2390 1597 2461; x_wconf 88' lang='lat' dir='ltr'>incapite,</span> <span class='ocrx_word' id='word_1_356' title='bbox 1617 2398 1711 2462; x_wconf 85' lang='lat' dir='ltr'>pastor</span> <span class='ocrx_word' id='word_1_357' title='bbox 1732 2390 1760 2443; x_wconf 90' lang='lat' dir='ltr'>in</span> 
     </span>
     <span class='ocr_line' id='line_1_42' title="bbox 965 2478 1759 2553; baseline -0.001 -17"><span class='ocrx_word' id='word_1_358' title='bbox 965 2494 1091 2551; x_wconf 84' lang='lat' dir='ltr'>corpore.</span> <span class='ocrx_word' id='word_1_359' title='bbox 1119 2480 1190 2538; x_wconf 83' lang='lat' dir='ltr'>ilirit</span> <span class='ocrx_word' id='word_1_360' title='bbox 1214 2480 1310 2537; x_wconf 85' lang='lat' dir='ltr'>Petro:</span> <span class='ocrx_word' id='word_1_361' title='bbox 1330 2500 1340 2535; x_wconf 83' lang='grc' dir='ltr'><strong>ι</strong></span> <span class='ocrx_word' id='word_1_362' title='bbox 1360 2480 1445 2537; x_wconf 88' lang='lat' dir='ltr'>Pasce</span> <span class='ocrx_word' id='word_1_363' title='bbox 1472 2496 1537 2537; x_wconf 87' lang='lat' dir='ltr'>oves</span> <span class='ocrx_word' id='word_1_364' title='bbox 1561 2496 1637 2537; x_wconf 91' lang='lat' dir='ltr'>meas</span> <span class='ocrx_word' id='word_1_365' title='bbox 1667 2478 1759 2553; x_wconf 75' lang='lat' dir='ltr'>(lonii.</span> 
     </span>
     <span class='ocr_line' id='line_1_43' title="bbox 967 2571 1761 2644; baseline 0.003 -18"><span class='ocrx_word' id='word_1_366' title='bbox 967 2574 1036 2644; x_wconf 81' lang='grc' dir='ltr'><strong>ιιι).</strong></span> <span class='ocrx_word' id='word_1_367' title='bbox 1056 2591 1066 2625; x_wconf 89' lang='grc' dir='ltr'><strong>ι</strong></span> <span class='ocrx_word' id='word_1_368' title='bbox 1081 2571 1164 2639; x_wconf 85' lang='lat' dir='ltr'>Quasi</span> <span class='ocrx_word' id='word_1_369' title='bbox 1179 2573 1300 2629; x_wconf 88' lang='lat' dir='ltr'>diceret:</span> <span class='ocrx_word' id='word_1_370' title='bbox 1317 2572 1388 2641; x_wconf 79' lang='lat' dir='ltr'>Quid</span> <span class='ocrx_word' id='word_1_371' title='bbox 1411 2572 1479 2629; x_wconf 87' lang='lat' dir='ltr'>mihi</span> <span class='ocrx_word' id='word_1_372' title='bbox 1494 2572 1581 2639; x_wconf 84' lang='lat' dir='ltr'>dubis,</span> <span class='ocrx_word' id='word_1_373' title='bbox 1595 2572 1659 2643; x_wconf 89' lang='lat' dir='ltr'>quia</span> <span class='ocrx_word' id='word_1_374' title='bbox 1683 2588 1761 2628; x_wconf 74' lang='lat' dir='ltr'>atrias</span> 
     </span>
     <span class='ocr_line' id='line_1_44' title="bbox 967 2662 1759 2735; baseline 0.003 -16"><span class='ocrx_word' id='word_1_375' title='bbox 967 2666 1031 2719; x_wconf 85' lang='lat' dir='ltr'>mel</span> <span class='ocrx_word' id='word_1_376' title='bbox 1044 2662 1101 2720; x_wconf 93' lang='lat' dir='ltr'>lloc</span> <span class='ocrx_word' id='word_1_377' title='bbox 1114 2666 1148 2721; x_wconf 88' lang='lat' dir='ltr'>da</span> <span class='ocrx_word' id='word_1_378' title='bbox 1160 2665 1226 2721; x_wconf 83' lang='lat' dir='ltr'>milri</span> <span class='ocrx_word' id='word_1_379' title='bbox 1240 2684 1247 2721; x_wconf 79' lang='lat' dir='ltr'>r</span> <span class='ocrx_word' id='word_1_380' title='bbox 1265 2664 1384 2721; x_wconf 85' lang='lat' dir='ltr'>Siamus</span> <span class='ocrx_word' id='word_1_381' title='bbox 1403 2681 1464 2734; x_wconf 91' lang='lat' dir='ltr'>me,</span> <span class='ocrx_word' id='word_1_382' title='bbox 1485 2680 1567 2735; x_wconf 90' lang='lat' dir='ltr'>pasce</span> <span class='ocrx_word' id='word_1_383' title='bbox 1581 2681 1647 2723; x_wconf 83' lang='lat' dir='ltr'>oues</span> <span class='ocrx_word' id='word_1_384' title='bbox 1672 2682 1759 2725; x_wconf 86' lang='lat' dir='ltr'>oreas.</span> 
     </span>
     <span class='ocr_line' id='line_1_45' title="bbox 965 2752 1760 2829; baseline 0.008 -20"><span class='ocrx_word' id='word_1_385' title='bbox 965 2752 1018 2812; x_wconf 83' lang='lat' dir='ltr'>Per</span> <span class='ocrx_word' id='word_1_386' title='bbox 1027 2758 1141 2827; x_wconf 68' lang='lat' dir='ltr'>ianuam</span> <span class='ocrx_word' id='word_1_387' title='bbox 1160 2768 1230 2813; x_wconf 86' lang='lat' dir='ltr'>rutra</span> <span class='ocrx_word' id='word_1_388' title='bbox 1244 2775 1252 2825; x_wconf 89' lang='lat'>;</span> <span class='ocrx_word' id='word_1_389' title='bbox 1267 2772 1330 2813; x_wconf 85' lang='lat' dir='ltr'>nant</span> <span class='ocrx_word' id='word_1_390' title='bbox 1352 2756 1400 2829; x_wconf 91' lang='lat' dir='ltr'>qui</span> <span class='ocrx_word' id='word_1_391' title='bbox 1415 2773 1448 2814; x_wconf 84' lang='lat' dir='ltr'>ex</span> <span class='ocrx_word' id='word_1_392' title='bbox 1471 2757 1523 2813; x_wconf 86' lang='lat' dir='ltr'>alra</span> <span class='ocrx_word' id='word_1_393' title='bbox 1539 2768 1615 2829; x_wconf 79' lang='lat' dir='ltr'>pat-te</span> <span class='ocrx_word' id='word_1_394' title='bbox 1625 2760 1760 2827; x_wconf 87' lang='lat' dir='ltr'>ascendit,</span> 
     </span>
     <span class='ocr_line' id='line_1_46' title="bbox 966 2834 1761 2924; baseline 0.009 -25"><span class='ocrx_word' id='word_1_395' title='bbox 966 2844 1118 2903; x_wconf 89' lang='lat' dir='ltr'>illelurest</span> <span class='ocrx_word' id='word_1_396' title='bbox 1141 2854 1169 2902; x_wconf 92' lang='lat' dir='ltr'>et</span> <span class='ocrx_word' id='word_1_397' title='bbox 1185 2834 1265 2903; x_wconf 88' lang='lat' dir='ltr'>latro.</span> <span class='ocrx_word' id='word_1_398' title='bbox 1292 2846 1320 2902; x_wconf 90' lang='lat' dir='ltr'>ln</span> <span class='ocrx_word' id='word_1_399' title='bbox 1336 2848 1380 2905; x_wconf 92' lang='lat' dir='ltr'>his</span> <span class='ocrx_word' id='word_1_400' title='bbox 1399 2848 1524 2919; x_wconf 88' lang='lat' dir='ltr'>personis</span> <span class='ocrx_word' id='word_1_401' title='bbox 1549 2850 1673 2907; x_wconf 76' lang='lat' dir='ltr'>iuvenies</span> <span class='ocrx_word' id='word_1_402' title='bbox 1689 2867 1761 2924; x_wconf 84' lang='lat' dir='ltr'>quos</span> 
     </span>
    </p>
   </div>
   <div class='ocr_carea' id='block_1_10' title="bbox 110 2937 1764 5970">
    <p class='ocr_par' dir='ltr' id='par_1_11' title="bbox 113 2937 1762 3391">
     <span class='ocr_line' id='line_1_47' title="bbox 116 2937 1762 3020; baseline -0.002 -18"><span class='ocrx_word' id='word_1_403' title='bbox 116 2950 205 3006; x_wconf 74' lang='lat' dir='ltr'>cteris</span> <span class='ocrx_word' id='word_1_404' title='bbox 219 2958 303 3016; x_wconf 86' lang='lat' dir='ltr'>tenet,</span> <span class='ocrx_word' id='word_1_405' title='bbox 315 2950 362 3005; x_wconf 87' lang='lat' dir='ltr'>scd</span> <span class='ocrx_word' id='word_1_406' title='bbox 377 2949 484 3006; x_wconf 90' lang='lat' dir='ltr'>lucrum</span> <span class='ocrx_word' id='word_1_407' title='bbox 497 2946 838 3019; x_wconf 81' lang='lat' dir='ltr'>animarumnooquaerit,</span> <span class='ocrx_word' id='word_1_408' title='bbox 850 2947 916 3020; x_wconf 82' lang='lat' dir='ltr'>quia</span> <span class='ocrx_word' id='word_1_409' title='bbox 965 2937 1075 3010; x_wconf 84' lang='lat' dir='ltr'>diligas,</span> <span class='ocrx_word' id='word_1_410' title='bbox 1094 2954 1164 3010; x_wconf 84' lang='lat' dir='ltr'>qrros</span> <span class='ocrx_word' id='word_1_411' title='bbox 1183 2938 1294 3005; x_wconf 85' lang='lat' dir='ltr'>toleres,</span> <span class='ocrx_word' id='word_1_412' title='bbox 1317 2955 1388 3011; x_wconf 76' lang='lat' dir='ltr'>quos</span> <span class='ocrx_word' id='word_1_413' title='bbox 1408 2956 1517 2997; x_wconf 77' lang='lat' dir='ltr'>careas.</span> <span class='ocrx_word' id='word_1_414' title='bbox 1541 2940 1700 3015; x_wconf 87' lang='lat' dir='ltr'>Diligcudus</span> <span class='ocrx_word' id='word_1_415' title='bbox 1718 2956 1762 3001; x_wconf 87' lang='lat' dir='ltr'>cst</span> 
     </span>
     <span class='ocr_line' id='line_1_48' title="bbox 115 3034 1762 3113; baseline 0.007 -31"><span class='ocrx_word' id='word_1_416' title='bbox 115 3042 241 3098; x_wconf 64' lang='lat' dir='ltr'>gemnis</span> <span class='ocrx_word' id='word_1_417' title='bbox 259 3041 410 3097; x_wconf 72' lang='lat' dir='ltr'>commodis</span> <span class='ocrx_word' id='word_1_418' title='bbox 434 3042 537 3111; x_wconf 62' lang='lat' dir='ltr'>inhiat,</span> <span class='ocrx_word' id='word_1_419' title='bbox 564 3050 593 3098; x_wconf 65' lang='lat' dir='ltr'>eg</span> <span class='ocrx_word' id='word_1_420' title='bbox 615 3042 721 3099; x_wconf 65' lang='lat' dir='ltr'>honore</span> <span class='ocrx_word' id='word_1_421' title='bbox 747 3040 916 3113; x_wconf 67' lang='lat' dir='ltr'>pmlalionig</span> <span class='ocrx_word' id='word_1_422' title='bbox 965 3040 1069 3101; x_wconf 68' lang='grc' dir='ltr'><strong>ΡΩΒΙΟΓ,</strong></span> <span class='ocrx_word' id='word_1_423' title='bbox 1095 3034 1253 3089; x_wconf 77' lang='lat' dir='ltr'>tolerandus</span> <span class='ocrx_word' id='word_1_424' title='bbox 1272 3042 1315 3089; x_wconf 66' lang='lat'>081</span> <span class='ocrx_word' id='word_1_425' title='bbox 1337 3034 1534 3103; x_wconf 67' lang='lat' dir='ltr'>utercuttathus,</span> <span class='ocrx_word' id='word_1_426' title='bbox 1562 3036 1701 3094; x_wconf 73' lang='lat' dir='ltr'>cavendus</span> <span class='ocrx_word' id='word_1_427' title='bbox 1718 3048 1762 3093; x_wconf 65' lang='lat' dir='ltr'>ehi</span> 
     </span>
     <span class='ocr_line' id='line_1_49' title="bbox 114 3122 1762 3203; baseline 0.007 -29"><span class='ocrx_word' id='word_1_428' title='bbox 114 3132 233 3203; x_wconf 62' lang='lat' dir='ltr'>ganges,</span> <span class='ocrx_word' id='word_1_429' title='bbox 261 3130 359 3187; x_wconf 56' lang='lat' dir='ltr'>Utrum</span> <span class='ocrx_word' id='word_1_430' title='bbox 384 3140 475 3188; x_wconf 67' lang='lat' dir='ltr'>gamen</span> <span class='ocrx_word' id='word_1_431' title='bbox 493 3134 681 3190; x_wconf 60' lang='lat' dir='ltr'>mercenarius</span> <span class='ocrx_word' id='word_1_432' title='bbox 705 3134 751 3201; x_wconf 66' lang='lat' dir='ltr'>gig,</span> <span class='ocrx_word' id='word_1_433' title='bbox 772 3150 828 3191; x_wconf 65' lang='lat'>110„</span> <span class='ocrx_word' id='word_1_434' title='bbox 846 3133 916 3189; x_wconf 56' lang='lat' dir='ltr'>pena</span> <span class='ocrx_word' id='word_1_435' title='bbox 966 3122 1046 3179; x_wconf 84' lang='lat' dir='ltr'>latro.</span> <span class='ocrx_word' id='word_1_436' title='bbox 1069 3122 1255 3180; x_wconf 87' lang='lat' dir='ltr'>llerceuarius</span> <span class='ocrx_word' id='word_1_437' title='bbox 1273 3125 1346 3181; x_wconf 90' lang='lat' dir='ltr'>enim</span> <span class='ocrx_word' id='word_1_438' title='bbox 1363 3125 1495 3183; x_wconf 84' lang='lat' dir='ltr'>canorrice</span> <span class='ocrx_word' id='word_1_439' title='bbox 1515 3126 1609 3195; x_wconf 89' lang='lat' dir='ltr'>intrat,</span> <span class='ocrx_word' id='word_1_440' title='bbox 1630 3143 1695 3185; x_wconf 82' lang='lat' dir='ltr'>uera</span> <span class='ocrx_word' id='word_1_441' title='bbox 1710 3128 1762 3185; x_wconf 90' lang='lat' dir='ltr'>do·</span> 
     </span>
     <span class='ocr_line' id='line_1_50' title="bbox 113 3216 1762 3297; baseline 0.004 -24"><span class='ocrx_word' id='word_1_442' title='bbox 113 3225 303 3295; x_wconf 79' lang='lat' dir='ltr'>dignoscitur,</span> <span class='ocrx_word' id='word_1_443' title='bbox 314 3225 368 3281; x_wconf 80' lang='lat' dir='ltr'>nisi</span> <span class='ocrx_word' id='word_1_444' title='bbox 382 3240 445 3281; x_wconf 82' lang='lat' dir='ltr'>cum</span> <span class='ocrx_word' id='word_1_445' title='bbox 462 3226 544 3297; x_wconf 82' lang='lat' dir='ltr'>lupus</span> <span class='ocrx_word' id='word_1_446' title='bbox 556 3225 672 3293; x_wconf 72' lang='lat' dir='ltr'>accedit,</span> <span class='ocrx_word' id='word_1_447' title='bbox 683 3225 730 3296; x_wconf 83' lang='lat' dir='ltr'>qui</span> <span class='ocrx_word' id='word_1_448' title='bbox 745 3226 849 3282; x_wconf 76' lang='lat' dir='ltr'>indicat</span> <span class='ocrx_word' id='word_1_449' title='bbox 859 3239 916 3296; x_wconf 80' lang='lat' dir='ltr'>quo</span> <span class='ocrx_word' id='word_1_450' title='bbox 966 3228 1020 3285; x_wconf 78' lang='lat' dir='ltr'>ecl,</span> <span class='ocrx_word' id='word_1_451' title='bbox 1035 3218 1162 3289; x_wconf 76' lang='lat' dir='ltr'>quamvls</span> <span class='ocrx_word' id='word_1_452' title='bbox 1176 3216 1329 3275; x_wconf 74' lang='lat' dir='ltr'>intentione</span> <span class='ocrx_word' id='word_1_453' title='bbox 1349 3218 1472 3275; x_wconf 85' lang='lat' dir='ltr'>sinistra.</span> <span class='ocrx_word' id='word_1_454' title='bbox 1491 3219 1547 3275; x_wconf 79' lang='lat' dir='ltr'>Fur</span> <span class='ocrx_word' id='word_1_455' title='bbox 1558 3237 1623 3277; x_wconf 76' lang='lat' dir='ltr'>velo</span> <span class='ocrx_word' id='word_1_456' title='bbox 1634 3223 1706 3279; x_wconf 80' lang='lat' dir='ltr'>male</span> <span class='ocrx_word' id='word_1_457' title='bbox 1719 3224 1762 3280; x_wconf 89' lang='lat' dir='ltr'>in-</span> 
     </span>
     <span class='ocr_line' id='line_1_51' title="bbox 113 3312 1523 3391; baseline 0.001 -19"><span class='ocrx_word' id='word_1_458' title='bbox 113 3319 217 3372; x_wconf 88' lang='lat' dir='ltr'>animo</span> <span class='ocrx_word' id='word_1_459' title='bbox 228 3333 293 3389; x_wconf 77' lang='lat' dir='ltr'>grex</span> <span class='ocrx_word' id='word_1_460' title='bbox 308 3334 322 3373; x_wconf 87' lang='lat' dir='ltr'>a</span> <span class='ocrx_word' id='word_1_461' title='bbox 338 3334 449 3391; x_wconf 87' lang='lat' dir='ltr'>quoque</span> <span class='ocrx_word' id='word_1_462' title='bbox 461 3317 644 3373; x_wconf 87' lang='lat' dir='ltr'>custodiatur.</span> <span class='ocrx_word' id='word_1_463' title='bbox 661 3316 742 3373; x_wconf 79' lang='lat' dir='ltr'>Vertit</span> <span class='ocrx_word' id='word_1_464' title='bbox 764 3326 856 3373; x_wconf 90' lang='lat' dir='ltr'>autem</span> <span class='ocrx_word' id='word_1_465' title='bbox 869 3318 915 3373; x_wconf 89' lang='lat' dir='ltr'>lu·</span> <span class='ocrx_word' id='word_1_466' title='bbox 967 3321 1032 3381; x_wconf 67' lang='lat' dir='ltr'>hul,</span> <span class='ocrx_word' id='word_1_467' title='bbox 1048 3312 1116 3367; x_wconf 77' lang='lat' dir='ltr'>salsa</span> <span class='ocrx_word' id='word_1_468' title='bbox 1131 3313 1221 3381; x_wconf 80' lang='lat' dir='ltr'>docet,</span> <span class='ocrx_word' id='word_1_469' title='bbox 1234 3322 1263 3369; x_wconf 86' lang='lat' dir='ltr'>et</span> <span class='ocrx_word' id='word_1_470' title='bbox 1273 3313 1335 3369; x_wconf 84' lang='lat' dir='ltr'>ideo</span> <span class='ocrx_word' id='word_1_471' title='bbox 1346 3324 1388 3369; x_wconf 89' lang='lat' dir='ltr'>est</span> <span class='ocrx_word' id='word_1_472' title='bbox 1405 3314 1523 3372; x_wconf 82' lang='lat' dir='ltr'>alicnus.</span> 
     </span>
    </p>

    <p class='ocr_par' dir='ltr' id='par_1_12' title="bbox 112 3403 1763 3756">
     <span class='ocr_line' id='line_1_52' title="bbox 112 3403 1758 3481; baseline 0 -18"><span class='ocrx_word' id='word_1_473' title='bbox 112 3424 172 3479; x_wconf 87' lang='lat' dir='ltr'>pus</span> <span class='ocrx_word' id='word_1_474' title='bbox 188 3424 253 3464; x_wconf 89' lang='lat' dir='ltr'>cum</span> <span class='ocrx_word' id='word_1_475' title='bbox 270 3410 385 3480; x_wconf 69' lang='lat' dir='ltr'>quilibet</span> <span class='ocrx_word' id='word_1_476' title='bbox 411 3410 530 3478; x_wconf 79' lang='lat' dir='ltr'>iniustus</span> <span class='ocrx_word' id='word_1_477' title='bbox 551 3419 578 3465; x_wconf 89' lang='lat' dir='ltr'>ct</span> <span class='ocrx_word' id='word_1_478' title='bbox 592 3419 684 3480; x_wconf 86' lang='lat' dir='ltr'>raptor</span> <span class='ocrx_word' id='word_1_479' title='bbox 710 3409 803 3465; x_wconf 87' lang='lat' dir='ltr'>hdeles</span> <span class='ocrx_word' id='word_1_480' title='bbox 820 3410 915 3481; x_wconf 85' lang='lat' dir='ltr'>oppri-</span> <span class='ocrx_word' id='word_1_481' title='bbox 1004 3425 1015 3458; x_wconf 81' lang='grc' dir='ltr'><strong>ι</strong></span> <span class='ocrx_word' id='word_1_482' title='bbox 1036 3403 1112 3462; x_wconf 91' lang='lat' dir='ltr'>Sicut</span> <span class='ocrx_word' id='word_1_483' title='bbox 1124 3406 1199 3462; x_wconf 86' lang='lat' dir='ltr'>uouit</span> <span class='ocrx_word' id='word_1_484' title='bbox 1209 3422 1253 3463; x_wconf 84' lang='lat' dir='ltr'>une</span> <span class='ocrx_word' id='word_1_485' title='bbox 1268 3405 1359 3475; x_wconf 83' lang='lat' dir='ltr'>Pater,</span> <span class='ocrx_word' id='word_1_486' title='bbox 1374 3416 1403 3463; x_wconf 89' lang='lat' dir='ltr'>et</span> <span class='ocrx_word' id='word_1_487' title='bbox 1416 3422 1467 3478; x_wconf 80' lang='lat' dir='ltr'>ego</span> <span class='ocrx_word' id='word_1_488' title='bbox 1479 3423 1600 3480; x_wconf 86' lang='lat' dir='ltr'>agnosco</span> <span class='ocrx_word' id='word_1_489' title='bbox 1612 3406 1734 3465; x_wconf 74' lang='lat' dir='ltr'>Patrenu</span> <span class='ocrx_word' id='word_1_490' title='bbox 1749 3428 1758 3463; x_wconf 85' lang='grc' dir='ltr'><strong>ι</strong></span> 
     </span>
     <span class='ocr_line' id='line_1_53' title="bbox 112 3480 1761 3573; baseline 0.002 -18"><span class='ocrx_word' id='word_1_491' title='bbox 112 3501 181 3555; x_wconf 85' lang='lat' dir='ltr'>mit.</span> <span class='ocrx_word' id='word_1_492' title='bbox 195 3500 354 3573; x_wconf 84' lang='lat' dir='ltr'>Fugitergo</span> <span class='ocrx_word' id='word_1_493' title='bbox 375 3501 422 3573; x_wconf 88' lang='lat' dir='ltr'>qui</span> <span class='ocrx_word' id='word_1_494' title='bbox 447 3510 543 3572; x_wconf 92' lang='lat' dir='ltr'>pastor</span> <span class='ocrx_word' id='word_1_495' title='bbox 565 3516 627 3557; x_wconf 89' lang='lat' dir='ltr'>esse</span> <span class='ocrx_word' id='word_1_496' title='bbox 646 3500 800 3568; x_wconf 82' lang='lat' dir='ltr'>uidebatur,</span> <span class='ocrx_word' id='word_1_497' title='bbox 820 3510 848 3557; x_wconf 91' lang='lat' dir='ltr'>ct</span> <span class='ocrx_word' id='word_1_498' title='bbox 860 3516 914 3555; x_wconf 86' lang='lat' dir='ltr'>nort</span> <span class='ocrx_word' id='word_1_499' title='bbox 966 3496 1044 3564; x_wconf 85' lang='lat' dir='ltr'>Quod</span> <span class='ocrx_word' id='word_1_500' title='bbox 1060 3496 1146 3555; x_wconf 89' lang='lat' dir='ltr'>Filius</span> <span class='ocrx_word' id='word_1_501' title='bbox 1160 3499 1284 3571; x_wconf 89' lang='lat' dir='ltr'>agnoseit</span> <span class='ocrx_word' id='word_1_502' title='bbox 1295 3498 1403 3556; x_wconf 87' lang='lat' dir='ltr'>Patrem</span> <span class='ocrx_word' id='word_1_503' title='bbox 1416 3516 1522 3572; x_wconf 86' lang='lat' dir='ltr'>perse,</span> <span class='ocrx_word' id='word_1_504' title='bbox 1538 3511 1565 3558; x_wconf 91' lang='lat' dir='ltr'>et</span> <span class='ocrx_word' id='word_1_505' title='bbox 1579 3480 1665 3559; x_wconf 78' lang='lat' dir='ltr'>houm</span> <span class='ocrx_word' id='word_1_506' title='bbox 1680 3520 1761 3559; x_wconf 89' lang='lat' dir='ltr'>uento</span> 
     </span>
     <span class='ocr_line' id='line_1_54' title="bbox 112 3588 1763 3667; baseline 0 -20"><span class='ocrx_word' id='word_1_507' title='bbox 112 3601 191 3656; x_wconf 86' lang='lat' dir='ltr'>erat,</span> <span class='ocrx_word' id='word_1_508' title='bbox 207 3607 264 3648; x_wconf 91' lang='lat' dir='ltr'>non</span> <span class='ocrx_word' id='word_1_509' title='bbox 282 3592 414 3648; x_wconf 90' lang='lat' dir='ltr'>mutando</span> <span class='ocrx_word' id='word_1_510' title='bbox 437 3592 539 3660; x_wconf 91' lang='lat' dir='ltr'>locum,</span> <span class='ocrx_word' id='word_1_511' title='bbox 554 3593 603 3649; x_wconf 90' lang='lat' dir='ltr'>scd</span> <span class='ocrx_word' id='word_1_512' title='bbox 630 3592 817 3649; x_wconf 85' lang='lat' dir='ltr'>subtrahendo</span> <span class='ocrx_word' id='word_1_513' title='bbox 843 3592 916 3647; x_wconf 89' lang='lat' dir='ltr'>sola·</span> <span class='ocrx_word' id='word_1_514' title='bbox 967 3588 1039 3643; x_wconf 84' lang='lat' dir='ltr'>uidet</span> <span class='ocrx_word' id='word_1_515' title='bbox 1053 3588 1105 3644; x_wconf 92' lang='lat' dir='ltr'>uisi</span> <span class='ocrx_word' id='word_1_516' title='bbox 1119 3603 1167 3659; x_wconf 91' lang='lat' dir='ltr'>per</span> <span class='ocrx_word' id='word_1_517' title='bbox 1182 3588 1293 3657; x_wconf 87' lang='lat' dir='ltr'>Filium,</span> <span class='ocrx_word' id='word_1_518' title='bbox 1316 3589 1493 3649; x_wconf 88' lang='lat' dir='ltr'>manilestum</span> <span class='ocrx_word' id='word_1_519' title='bbox 1507 3600 1550 3648; x_wconf 91' lang='lat' dir='ltr'>est</span> <span class='ocrx_word' id='word_1_520' title='bbox 1572 3608 1606 3649; x_wconf 80' lang='lat' dir='ltr'>er</span> <span class='ocrx_word' id='word_1_521' title='bbox 1622 3594 1675 3651; x_wconf 90' lang='lat' dir='ltr'>hoc</span> <span class='ocrx_word' id='word_1_522' title='bbox 1687 3596 1763 3667; x_wconf 88' lang='lat' dir='ltr'>capi-</span> 
     </span>
     <span class='ocr_line' id='line_1_55' title="bbox 113 3679 1483 3756; baseline 0.004 -20"><span class='ocrx_word' id='word_1_523' title='bbox 113 3684 202 3737; x_wconf 89' lang='lat' dir='ltr'>tium.</span> <span class='ocrx_word' id='word_1_524' title='bbox 218 3679 303 3739; x_wconf 86' lang='lat' dir='ltr'>Tacct</span> <span class='ocrx_word' id='word_1_525' title='bbox 314 3682 398 3749; x_wconf 92' lang='lat' dir='ltr'>enim,</span> <span class='ocrx_word' id='word_1_526' title='bbox 416 3691 444 3739; x_wconf 90' lang='lat' dir='ltr'>et</span> <span class='ocrx_word' id='word_1_527' title='bbox 460 3699 515 3737; x_wconf 92' lang='lat' dir='ltr'>noo</span> <span class='ocrx_word' id='word_1_528' title='bbox 528 3682 611 3739; x_wconf 88' lang='lat' dir='ltr'>audet</span> <span class='ocrx_word' id='word_1_529' title='bbox 626 3685 754 3739; x_wconf 87' lang='lat' dir='ltr'>resistcre</span> <span class='ocrx_word' id='word_1_530' title='bbox 766 3683 914 3754; x_wconf 83' lang='lat' dir='ltr'>injustitiae.</span> <span class='ocrx_word' id='word_1_531' title='bbox 967 3682 1025 3738; x_wconf 90' lang='lat' dir='ltr'>tulo</span> <span class='ocrx_word' id='word_1_532' title='bbox 1039 3691 1067 3739; x_wconf 89' lang='lat' dir='ltr'>et</span> <span class='ocrx_word' id='word_1_533' title='bbox 1077 3698 1110 3739; x_wconf 84' lang='lat' dir='ltr'>er</span> <span class='ocrx_word' id='word_1_534' title='bbox 1122 3683 1182 3755; x_wconf 85' lang='lat' dir='ltr'>ejus</span> <span class='ocrx_word' id='word_1_535' title='bbox 1193 3684 1334 3740; x_wconf 89' lang='lat' dir='ltr'>canonicis</span> <span class='ocrx_word' id='word_1_536' title='bbox 1345 3684 1483 3756; x_wconf 88' lang='lat' dir='ltr'>capitulis.</span> 
     </span>
    </p>

    <p class='ocr_par' dir='ltr' id='par_1_13' title="bbox 110 3772 1764 5516">
     <span class='ocr_line' id='line_1_56' title="bbox 110 3772 1764 3847; baseline 0.006 -18"><span class='ocrx_word' id='word_1_537' title='bbox 110 3774 154 3829; x_wconf 83' lang='lat' dir='ltr'>De</span> <span class='ocrx_word' id='word_1_538' title='bbox 165 3788 227 3845; x_wconf 85' lang='lat' dir='ltr'>qrro</span> <span class='ocrx_word' id='word_1_539' title='bbox 246 3788 295 3844; x_wconf 90' lang='lat' dir='ltr'>per</span> <span class='ocrx_word' id='word_1_540' title='bbox 321 3776 481 3846; x_wconf 88' lang='lat' dir='ltr'>prophetam</span> <span class='ocrx_word' id='word_1_541' title='bbox 505 3774 621 3829; x_wconf 89' lang='lat' dir='ltr'>dieitur:</span> <span class='ocrx_word' id='word_1_542' title='bbox 639 3792 649 3826; x_wconf 82' lang='grc' dir='ltr'><strong>ι</strong></span> <span class='ocrx_word' id='word_1_543' title='bbox 668 3772 728 3829; x_wconf 86' lang='grc' dir='ltr'><strong>Νοιι</strong></span> <span class='ocrx_word' id='word_1_544' title='bbox 751 3774 917 3831; x_wconf 86' lang='lat' dir='ltr'>ascendistis</span> <span class='ocrx_word' id='word_1_545' title='bbox 1005 3792 1015 3827; x_wconf 82' lang='grc' dir='ltr'><strong>ι</strong></span> <span class='ocrx_word' id='word_1_546' title='bbox 1030 3773 1063 3829; x_wconf 86' lang='grc' dir='ltr'><strong>Ει</strong></span> <span class='ocrx_word' id='word_1_547' title='bbox 1078 3775 1197 3830; x_wconf 87' lang='lat' dir='ltr'>animam</span> <span class='ocrx_word' id='word_1_548' title='bbox 1213 3790 1302 3831; x_wconf 86' lang='lat' dir='ltr'>meam</span> <span class='ocrx_word' id='word_1_549' title='bbox 1316 3791 1388 3846; x_wconf 89' lang='lat' dir='ltr'>pono</span> <span class='ocrx_word' id='word_1_550' title='bbox 1405 3792 1455 3847; x_wconf 89' lang='lat' dir='ltr'>pro</span> <span class='ocrx_word' id='word_1_551' title='bbox 1467 3778 1564 3835; x_wconf 85' lang='lat' dir='ltr'>ouihus</span> <span class='ocrx_word' id='word_1_552' title='bbox 1578 3780 1657 3837; x_wconf 83' lang='lat' dir='ltr'>nucis.</span> <span class='ocrx_word' id='word_1_553' title='bbox 1675 3778 1764 3839; x_wconf 76' lang='lat' dir='ltr'>»llaec</span> 
     </span>
     <span class='ocr_line' id='line_1_57' title="bbox 110 3864 1763 3940; baseline 0.004 -17"><span class='ocrx_word' id='word_1_554' title='bbox 110 3885 149 3923; x_wconf 81' lang='lat' dir='ltr'>ex</span> <span class='ocrx_word' id='word_1_555' title='bbox 176 3868 307 3933; x_wconf 81' lang='lat' dir='ltr'>aduerso,</span> <span class='ocrx_word' id='word_1_556' title='bbox 322 3884 411 3939; x_wconf 78' lang='lat' dir='ltr'>nequae</span> <span class='ocrx_word' id='word_1_557' title='bbox 432 3868 600 3940; x_wconf 89' lang='lat' dir='ltr'>opposuistis</span> <span class='ocrx_word' id='word_1_558' title='bbox 624 3884 734 3924; x_wconf 92' lang='lat' dir='ltr'>murum</span> <span class='ocrx_word' id='word_1_559' title='bbox 759 3883 809 3940; x_wconf 89' lang='lat' dir='ltr'>pro</span> <span class='ocrx_word' id='word_1_560' title='bbox 833 3868 916 3925; x_wconf 90' lang='lat' dir='ltr'>domo</span> <span class='ocrx_word' id='word_1_561' title='bbox 966 3874 1010 3921; x_wconf 88' lang='lat' dir='ltr'>est</span> <span class='ocrx_word' id='word_1_562' title='bbox 1019 3864 1145 3936; x_wconf 87' lang='lat' dir='ltr'>probatio</span> <span class='ocrx_word' id='word_1_563' title='bbox 1155 3864 1311 3921; x_wconf 88' lang='lat' dir='ltr'>dilectionis</span> <span class='ocrx_word' id='word_1_564' title='bbox 1330 3864 1365 3921; x_wconf 90' lang='lat' dir='ltr'>ad</span> <span class='ocrx_word' id='word_1_565' title='bbox 1389 3865 1498 3923; x_wconf 82' lang='lat' dir='ltr'>Patrem</span> <span class='ocrx_word' id='word_1_566' title='bbox 1520 3878 1548 3925; x_wconf 88' lang='lat' dir='ltr'>et</span> <span class='ocrx_word' id='word_1_567' title='bbox 1567 3868 1602 3925; x_wconf 92' lang='lat' dir='ltr'>ad</span> <span class='ocrx_word' id='word_1_568' title='bbox 1621 3885 1697 3929; x_wconf 84' lang='lat' dir='ltr'>oues.</span> <span class='ocrx_word' id='word_1_569' title='bbox 1715 3870 1763 3929; x_wconf 85' lang='lat' dir='ltr'>Sic</span> 
     </span>
     <span class='ocr_line' id='line_1_58' title="bbox 110 3956 1763 4033; baseline 0.001 -15"><span class='ocrx_word' id='word_1_570' title='bbox 110 3961 216 4028; x_wconf 87' lang='lat' dir='ltr'>lsrael,</span> <span class='ocrx_word' id='word_1_571' title='bbox 232 3970 264 4015; x_wconf 95' lang='lat' dir='ltr'>ut</span> <span class='ocrx_word' id='word_1_572' title='bbox 283 3961 393 4016; x_wconf 83' lang='lat' dir='ltr'>staretis</span> <span class='ocrx_word' id='word_1_573' title='bbox 415 3961 442 4015; x_wconf 93' lang='lat' dir='ltr'>iu</span> <span class='ocrx_word' id='word_1_574' title='bbox 467 3961 561 4031; x_wconf 77' lang='lat' dir='ltr'>praelio</span> <span class='ocrx_word' id='word_1_575' title='bbox 581 3961 610 4017; x_wconf 90' lang='lat' dir='ltr'>iu</span> <span class='ocrx_word' id='word_1_576' title='bbox 624 3960 670 4017; x_wconf 92' lang='lat' dir='ltr'>die</span> <span class='ocrx_word' id='word_1_577' title='bbox 684 3959 792 4016; x_wconf 80' lang='lat' dir='ltr'>uorntni</span> <span class='ocrx_word' id='word_1_578' title='bbox 804 3958 914 4032; x_wconf 75' lang='lat' dir='ltr'>(Ezech.</span> <span class='ocrx_word' id='word_1_579' title='bbox 966 3965 994 4012; x_wconf 89' lang='lat' dir='ltr'>ct</span> <span class='ocrx_word' id='word_1_580' title='bbox 1005 3956 1102 4012; x_wconf 87' lang='lat' dir='ltr'>Petrus</span> <span class='ocrx_word' id='word_1_581' title='bbox 1126 3956 1207 4011; x_wconf 90' lang='lat' dir='ltr'>tertio</span> <span class='ocrx_word' id='word_1_582' title='bbox 1228 3956 1361 4013; x_wconf 84' lang='lat' dir='ltr'>corrtitcus</span> <span class='ocrx_word' id='word_1_583' title='bbox 1384 3972 1507 4015; x_wconf 88' lang='lat' dir='ltr'>amorem</span> <span class='ocrx_word' id='word_1_584' title='bbox 1525 3960 1637 4029; x_wconf 83' lang='lat' dir='ltr'>jubetur</span> <span class='ocrx_word' id='word_1_585' title='bbox 1649 3977 1763 4033; x_wconf 85' lang='lat' dir='ltr'>pascere</span> 
     </span>
     <span class='ocr_line' id='line_1_59' title="bbox 110 4046 1763 4124; baseline 0 -15"><span class='ocrx_word' id='word_1_586' title='bbox 110 4055 195 4124; x_wconf 85' lang='grc' dir='ltr'><strong>ιιιιι).</strong></span> <span class='ocrx_word' id='word_1_587' title='bbox 217 4071 229 4105; x_wconf 90' lang='grc' dir='ltr'><strong>ι</strong></span> <span class='ocrx_word' id='word_1_588' title='bbox 248 4052 286 4107; x_wconf 76' lang='lat' dir='ltr'>Er</span> <span class='ocrx_word' id='word_1_589' title='bbox 300 4052 416 4109; x_wconf 86' lang='lat' dir='ltr'>adverso</span> <span class='ocrx_word' id='word_1_590' title='bbox 433 4052 582 4109; x_wconf 85' lang='lat' dir='ltr'>ascerrdere</span> <span class='ocrx_word' id='word_1_591' title='bbox 595 4060 638 4109; x_wconf 90' lang='lat' dir='ltr'>est</span> <span class='ocrx_word' id='word_1_592' title='bbox 661 4052 753 4123; x_wconf 83' lang='lat' dir='ltr'>pravis</span> <span class='ocrx_word' id='word_1_593' title='bbox 771 4051 857 4106; x_wconf 88' lang='lat' dir='ltr'>libera</span> <span class='ocrx_word' id='word_1_594' title='bbox 872 4066 917 4105; x_wconf 84' lang='lat' dir='ltr'>ra·</span> <span class='ocrx_word' id='word_1_595' title='bbox 967 4062 1048 4116; x_wconf 83' lang='lat' dir='ltr'>oses,</span> <span class='ocrx_word' id='word_1_596' title='bbox 1061 4057 1087 4104; x_wconf 88' lang='lat' dir='ltr'>ct</span> <span class='ocrx_word' id='word_1_597' title='bbox 1097 4063 1146 4119; x_wconf 89' lang='lat' dir='ltr'>pro</span> <span class='ocrx_word' id='word_1_598' title='bbox 1157 4049 1198 4103; x_wconf 88' lang='lat' dir='ltr'>eis</span> <span class='ocrx_word' id='word_1_599' title='bbox 1210 4048 1289 4105; x_wconf 87' lang='lat' dir='ltr'>mori.</span> <span class='ocrx_word' id='word_1_600' title='bbox 1306 4046 1422 4119; x_wconf 73' lang='lat' dir='ltr'>,Teneta</span> <span class='ocrx_word' id='word_1_601' title='bbox 1434 4049 1498 4121; x_wconf 86' lang='lat' dir='ltr'>quia</span> <span class='ocrx_word' id='word_1_602' title='bbox 1510 4050 1637 4107; x_wconf 80' lang='lat' dir='ltr'>Glicistus</span> <span class='ocrx_word' id='word_1_603' title='bbox 1649 4061 1691 4109; x_wconf 88' lang='lat' dir='ltr'>est</span> <span class='ocrx_word' id='word_1_604' title='bbox 1701 4069 1763 4109; x_wconf 81' lang='lat' dir='ltr'>uer-</span> 
     </span>
     <span class='ocr_line' id='line_1_60' title="bbox 111 4139 1762 4217; baseline -0.001 -15"><span class='ocrx_word' id='word_1_605' title='bbox 111 4149 196 4205; x_wconf 88' lang='lat' dir='ltr'>tione</span> <span class='ocrx_word' id='word_1_606' title='bbox 207 4154 356 4202; x_wconf 80' lang='lat' dir='ltr'>contraire.</span> <span class='ocrx_word' id='word_1_607' title='bbox 373 4148 482 4201; x_wconf 80' lang='lat' dir='ltr'>itanum</span> <span class='ocrx_word' id='word_1_608' title='bbox 498 4160 637 4217; x_wconf 89' lang='lat' dir='ltr'>opponere</span> <span class='ocrx_word' id='word_1_609' title='bbox 647 4156 675 4201; x_wconf 92' lang='lat' dir='ltr'>et</span> <span class='ocrx_word' id='word_1_610' title='bbox 689 4154 762 4201; x_wconf 88' lang='lat' dir='ltr'>stare</span> <span class='ocrx_word' id='word_1_611' title='bbox 783 4149 810 4199; x_wconf 92' lang='lat' dir='ltr'>iu</span> <span class='ocrx_word' id='word_1_612' title='bbox 822 4144 916 4215; x_wconf 75' lang='lat' dir='ltr'>praelio</span> <span class='ocrx_word' id='word_1_613' title='bbox 966 4142 1044 4209; x_wconf 88' lang='lat' dir='ltr'>hum,</span> <span class='ocrx_word' id='word_1_614' title='bbox 1058 4140 1161 4207; x_wconf 89' lang='lat' dir='ltr'>anima,</span> <span class='ocrx_word' id='word_1_615' title='bbox 1174 4155 1249 4197; x_wconf 88' lang='lat' dir='ltr'>caro.</span> <span class='ocrx_word' id='word_1_616' title='bbox 1263 4139 1323 4197; x_wconf 88' lang='lat' dir='ltr'>Nou</span> <span class='ocrx_word' id='word_1_617' title='bbox 1343 4140 1490 4199; x_wconf 76' lang='lat' dir='ltr'>defuerunt</span> <span class='ocrx_word' id='word_1_618' title='bbox 1506 4143 1626 4201; x_wconf 80' lang='lat' dir='ltr'>ltaeretici</span> <span class='ocrx_word' id='word_1_619' title='bbox 1639 4146 1762 4217; x_wconf 78' lang='lat' dir='ltr'>appolli-</span> 
     </span>
     <span class='ocr_line' id='line_1_61' title="bbox 112 4232 1762 4319; baseline 0 -27"><span class='ocrx_word' id='word_1_620' title='bbox 112 4241 141 4293; x_wconf 79' lang='grc' dir='ltr'>ιιι</span> <span class='ocrx_word' id='word_1_621' title='bbox 156 4238 208 4293; x_wconf 90' lang='lat' dir='ltr'>die</span> <span class='ocrx_word' id='word_1_622' title='bbox 222 4236 331 4292; x_wconf 82' lang='lat' dir='ltr'>Domini</span> <span class='ocrx_word' id='word_1_623' title='bbox 347 4251 397 4307; x_wconf 92' lang='lat' dir='ltr'>pro</span> <span class='ocrx_word' id='word_1_624' title='bbox 410 4237 493 4292; x_wconf 87' lang='lat' dir='ltr'>dorae</span> <span class='ocrx_word' id='word_1_625' title='bbox 513 4233 598 4293; x_wconf 87' lang='lat' dir='ltr'>lsrael</span> <span class='ocrx_word' id='word_1_626' title='bbox 614 4245 666 4305; x_wconf 85' lang='lat' dir='ltr'>est,</span> <span class='ocrx_word' id='word_1_627' title='bbox 681 4252 743 4293; x_wconf 88' lang='lat' dir='ltr'>cum</span> <span class='ocrx_word' id='word_1_628' title='bbox 756 4236 916 4291; x_wconf 88' lang='lat' dir='ltr'>etauctori·</span> <span class='ocrx_word' id='word_1_629' title='bbox 967 4233 1078 4290; x_wconf 83' lang='lat' dir='ltr'>naristae</span> <span class='ocrx_word' id='word_1_630' title='bbox 1088 4232 1174 4301; x_wconf 89' lang='lat' dir='ltr'>dicti,</span> <span class='ocrx_word' id='word_1_631' title='bbox 1191 4232 1237 4305; x_wconf 80' lang='lat' dir='ltr'>quii</span> <span class='ocrx_word' id='word_1_632' title='bbox 1253 4234 1313 4289; x_wconf 90' lang='lat' dir='ltr'>ausi</span> <span class='ocrx_word' id='word_1_633' title='bbox 1327 4243 1391 4290; x_wconf 86' lang='lat' dir='ltr'>sum</span> <span class='ocrx_word' id='word_1_634' title='bbox 1401 4235 1586 4319; x_wconf 79' lang='lat' dir='ltr'>dogmatizare</span> <span class='ocrx_word' id='word_1_635' title='bbox 1597 4238 1669 4308; x_wconf 84' lang='lat' dir='ltr'>qrrod</span> <span class='ocrx_word' id='word_1_636' title='bbox 1681 4238 1762 4293; x_wconf 86' lang='lat' dir='ltr'>Chri-</span> 
     </span>
     <span class='ocr_line' id='line_1_62' title="bbox 113 4324 1707 4398; baseline 0.001 -14"><span class='ocrx_word' id='word_1_637' title='bbox 113 4339 175 4384; x_wconf 87' lang='lat' dir='ltr'>tate</span> <span class='ocrx_word' id='word_1_638' title='bbox 186 4326 304 4398; x_wconf 79' lang='lat' dir='ltr'>justitiae</span> <span class='ocrx_word' id='word_1_639' title='bbox 317 4327 410 4383; x_wconf 88' lang='lat' dir='ltr'>tidelcs</span> <span class='ocrx_word' id='word_1_640' title='bbox 426 4336 523 4383; x_wconf 85' lang='lat' dir='ltr'>contra</span> <span class='ocrx_word' id='word_1_641' title='bbox 546 4342 737 4398; x_wconf 80' lang='lat' dir='ltr'>perversorum</span> <span class='ocrx_word' id='word_1_642' title='bbox 753 4327 917 4397; x_wconf 81' lang='lat' dir='ltr'>irrjtrstitiam</span> <span class='ocrx_word' id='word_1_643' title='bbox 967 4337 1028 4383; x_wconf 87' lang='lat' dir='ltr'>stus</span> <span class='ocrx_word' id='word_1_644' title='bbox 1040 4340 1094 4382; x_wconf 91' lang='lat' dir='ltr'>oon</span> <span class='ocrx_word' id='word_1_645' title='bbox 1106 4336 1179 4382; x_wconf 87' lang='lat' dir='ltr'>esset</span> <span class='ocrx_word' id='word_1_646' title='bbox 1196 4326 1249 4383; x_wconf 91' lang='lat' dir='ltr'>nisi</span> <span class='ocrx_word' id='word_1_647' title='bbox 1264 4324 1394 4393; x_wconf 88' lang='lat' dir='ltr'>llerhum,</span> <span class='ocrx_word' id='word_1_648' title='bbox 1408 4336 1437 4383; x_wconf 95' lang='lat' dir='ltr'>ct</span> <span class='ocrx_word' id='word_1_649' title='bbox 1450 4343 1516 4385; x_wconf 90' lang='lat' dir='ltr'>caro</span> <span class='ocrx_word' id='word_1_650' title='bbox 1530 4329 1590 4385; x_wconf 86' lang='lat' dir='ltr'>siue</span> <span class='ocrx_word' id='word_1_651' title='bbox 1604 4331 1707 4386; x_wconf 75' lang='lat' dir='ltr'>antima.</span> 
     </span>
     <span class='ocr_line' id='line_1_63' title="bbox 112 4416 1760 4493; baseline 0.004 -20"><span class='ocrx_word' id='word_1_652' title='bbox 112 4418 307 4475; x_wconf 71' lang='lat' dir='ltr'>vindicamus.</span> <span class='ocrx_word' id='word_1_653' title='bbox 335 4416 384 4474; x_wconf 77' lang='lat' dir='ltr'>list</span> <span class='ocrx_word' id='word_1_654' title='bbox 411 4417 494 4473; x_wconf 89' lang='lat' dir='ltr'>etiarn</span> <span class='ocrx_word' id='word_1_655' title='bbox 523 4418 663 4491; x_wconf 86' lang='lat' dir='ltr'>malignus</span> <span class='ocrx_word' id='word_1_656' title='bbox 692 4418 805 4489; x_wconf 87' lang='lat' dir='ltr'>spiritus</span> <span class='ocrx_word' id='word_1_657' title='bbox 834 4418 916 4489; x_wconf 90' lang='lat' dir='ltr'>lupus</span> <span class='ocrx_word' id='word_1_658' title='bbox 1005 4418 1068 4476; x_wconf 76' lang='lat' dir='ltr'>«Et</span> <span class='ocrx_word' id='word_1_659' title='bbox 1081 4420 1150 4477; x_wconf 90' lang='lat' dir='ltr'>alias</span> <span class='ocrx_word' id='word_1_660' title='bbox 1165 4436 1230 4479; x_wconf 80' lang='lat' dir='ltr'>ores</span> <span class='ocrx_word' id='word_1_661' title='bbox 1247 4420 1335 4477; x_wconf 85' lang='lat' dir='ltr'>haheo</span> <span class='ocrx_word' id='word_1_662' title='bbox 1349 4438 1411 4493; x_wconf 79' lang='lat' dir='ltr'>quac</span> <span class='ocrx_word' id='word_1_663' title='bbox 1425 4438 1479 4477; x_wconf 90' lang='lat' dir='ltr'>non</span> <span class='ocrx_word' id='word_1_664' title='bbox 1497 4431 1562 4479; x_wconf 91' lang='lat' dir='ltr'>sunt</span> <span class='ocrx_word' id='word_1_665' title='bbox 1572 4440 1606 4479; x_wconf 83' lang='lat' dir='ltr'>ex</span> <span class='ocrx_word' id='word_1_666' title='bbox 1618 4424 1669 4479; x_wconf 75' lang='lat' dir='ltr'>hate</span> <span class='ocrx_word' id='word_1_667' title='bbox 1682 4426 1760 4493; x_wconf 86' lang='lat' dir='ltr'>ouili,</span> 
     </span>
     <span class='ocr_line' id='line_1_64' title="bbox 113 4510 1760 4585; baseline 0.002 -16"><span class='ocrx_word' id='word_1_668' title='bbox 113 4520 229 4569; x_wconf 84' lang='lat' dir='ltr'>mentes</span> <span class='ocrx_word' id='word_1_669' title='bbox 244 4526 299 4567; x_wconf 91' lang='lat' dir='ltr'>nou</span> <span class='ocrx_word' id='word_1_670' title='bbox 312 4526 426 4581; x_wconf 87' lang='lat' dir='ltr'>corpora</span> <span class='ocrx_word' id='word_1_671' title='bbox 438 4510 586 4577; x_wconf 82' lang='lat' dir='ltr'>dilanians.</span> <span class='ocrx_word' id='word_1_672' title='bbox 598 4511 692 4567; x_wconf 86' lang='lat' dir='ltr'>caulas</span> <span class='ocrx_word' id='word_1_673' title='bbox 712 4510 833 4567; x_wconf 89' lang='lat' dir='ltr'>lidelium</span> <span class='ocrx_word' id='word_1_674' title='bbox 845 4512 917 4567; x_wconf 90' lang='lat' dir='ltr'>assi·</span> <span class='ocrx_word' id='word_1_675' title='bbox 966 4514 1066 4571; x_wconf 87' lang='lat' dir='ltr'>etillas</span> <span class='ocrx_word' id='word_1_676' title='bbox 1083 4523 1189 4585; x_wconf 87' lang='lat' dir='ltr'>oportet</span> <span class='ocrx_word' id='word_1_677' title='bbox 1209 4530 1253 4571; x_wconf 85' lang='lat' dir='ltr'>une</span> <span class='ocrx_word' id='word_1_678' title='bbox 1281 4516 1426 4583; x_wconf 82' lang='lat' dir='ltr'>adducere,</span> <span class='ocrx_word' id='word_1_679' title='bbox 1437 4525 1465 4571; x_wconf 90' lang='lat' dir='ltr'>et</span> <span class='ocrx_word' id='word_1_680' title='bbox 1486 4532 1581 4574; x_wconf 81' lang='lat' dir='ltr'>uocem</span> <span class='ocrx_word' id='word_1_681' title='bbox 1605 4534 1692 4574; x_wconf 90' lang='lat' dir='ltr'>meam</span> <span class='ocrx_word' id='word_1_682' title='bbox 1709 4535 1760 4575; x_wconf 89' lang='lat' dir='ltr'>au-</span> 
     </span>
     <span class='ocr_line' id='line_1_65' title="bbox 113 4591 1760 4683; baseline 0.004 -23"><span class='ocrx_word' id='word_1_683' title='bbox 113 4606 170 4661; x_wconf 91' lang='lat' dir='ltr'>due</span> <span class='ocrx_word' id='word_1_684' title='bbox 187 4604 337 4660; x_wconf 71' lang='lat' dir='ltr'>circuiere.</span> <span class='ocrx_word' id='word_1_685' title='bbox 363 4602 401 4658; x_wconf 83' lang='lat' dir='ltr'>lle</span> <span class='ocrx_word' id='word_1_686' title='bbox 423 4616 480 4674; x_wconf 79' lang='lat' dir='ltr'>ouo</span> <span class='ocrx_word' id='word_1_687' title='bbox 503 4599 624 4658; x_wconf 88' lang='lat' dir='ltr'>dicitur:</span> <span class='ocrx_word' id='word_1_688' title='bbox 647 4600 679 4657; x_wconf 79' lang='lat' dir='ltr'>Et</span> <span class='ocrx_word' id='word_1_689' title='bbox 693 4601 824 4674; x_wconf 88' lang='lat' dir='ltr'>dispergit</span> <span class='ocrx_word' id='word_1_690' title='bbox 838 4618 914 4659; x_wconf 79' lang='lat' dir='ltr'>oues.</span> <span class='ocrx_word' id='word_1_691' title='bbox 931 4604 1051 4683; x_wconf 70' lang='lat' dir='ltr'>odient,</span> <span class='ocrx_word' id='word_1_692' title='bbox 1067 4614 1095 4661; x_wconf 92' lang='lat' dir='ltr'>et</span> <span class='ocrx_word' id='word_1_693' title='bbox 1107 4607 1153 4662; x_wconf 85' lang='lat' dir='ltr'>liet</span> <span class='ocrx_word' id='word_1_694' title='bbox 1177 4591 1271 4663; x_wconf 68' lang='lat' dir='ltr'>uuum‘</span> <span class='ocrx_word' id='word_1_695' title='bbox 1283 4608 1354 4664; x_wconf 85' lang='lat' dir='ltr'>nuile</span> <span class='ocrx_word' id='word_1_696' title='bbox 1380 4617 1408 4663; x_wconf 89' lang='lat' dir='ltr'>et</span> <span class='ocrx_word' id='word_1_697' title='bbox 1432 4626 1504 4665; x_wconf 81' lang='lat' dir='ltr'>uiuus</span> <span class='ocrx_word' id='word_1_698' title='bbox 1518 4624 1621 4681; x_wconf 88' lang='lat' dir='ltr'>pastor.</span> <span class='ocrx_word' id='word_1_699' title='bbox 1641 4631 1650 4664; x_wconf 91' lang='grc' dir='ltr'><strong>ι</strong></span> <span class='ocrx_word' id='word_1_700' title='bbox 1669 4610 1760 4667; x_wconf 82' lang='lat' dir='ltr'>Utrum</span> 
     </span>
     <span class='ocr_line' id='line_1_66' title="bbox 116 4692 1761 4777; baseline 0.009 -30"><span class='ocrx_word' id='word_1_701' title='bbox 116 4694 200 4749; x_wconf 81' lang='lat' dir='ltr'>lonc</span> <span class='ocrx_word' id='word_1_702' title='bbox 210 4693 286 4748; x_wconf 89' lang='lat' dir='ltr'>enim</span> <span class='ocrx_word' id='word_1_703' title='bbox 298 4693 430 4765; x_wconf 72' lang='lat' dir='ltr'>dispergit</span> <span class='ocrx_word' id='word_1_704' title='bbox 439 4710 502 4751; x_wconf 91' lang='lat' dir='ltr'>curn</span> <span class='ocrx_word' id='word_1_705' title='bbox 514 4694 598 4750; x_wconf 90' lang='lat' dir='ltr'>alium</span> <span class='ocrx_word' id='word_1_706' title='bbox 610 4692 645 4749; x_wconf 88' lang='lat' dir='ltr'>ad</span> <span class='ocrx_word' id='word_1_707' title='bbox 659 4693 796 4749; x_wconf 83' lang='lat' dir='ltr'>luxuriam</span> <span class='ocrx_word' id='word_1_708' title='bbox 809 4701 915 4765; x_wconf 77' lang='lat' dir='ltr'>pertru-</span> <span class='ocrx_word' id='word_1_709' title='bbox 965 4699 1037 4755; x_wconf 82' lang='lat' dir='ltr'>osile</span> <span class='ocrx_word' id='word_1_710' title='bbox 1050 4708 1092 4757; x_wconf 88' lang='lat' dir='ltr'>est</span> <span class='ocrx_word' id='word_1_711' title='bbox 1103 4701 1194 4756; x_wconf 75' lang='lat' dir='ltr'>linitas</span> <span class='ocrx_word' id='word_1_712' title='bbox 1209 4700 1237 4755; x_wconf 91' lang='lat' dir='ltr'>in</span> <span class='ocrx_word' id='word_1_713' title='bbox 1248 4700 1370 4758; x_wconf 88' lang='lat' dir='ltr'>Christo.</span> <span class='ocrx_word' id='word_1_714' title='bbox 1390 4700 1468 4757; x_wconf 89' lang='lat' dir='ltr'>Unde</span> <span class='ocrx_word' id='word_1_715' title='bbox 1480 4702 1601 4760; x_wconf 83' lang='lat' dir='ltr'>Paulus:</span> <span class='ocrx_word' id='word_1_716' title='bbox 1617 4724 1627 4759; x_wconf 91' lang='lat' dir='ltr'>t</span> <span class='ocrx_word' id='word_1_717' title='bbox 1645 4703 1704 4777; x_wconf 84' lang='lat' dir='ltr'>lpse</span> <span class='ocrx_word' id='word_1_718' title='bbox 1718 4717 1761 4763; x_wconf 82' lang='lat' dir='ltr'>est</span> 
     </span>
     <span class='ocr_line' id='line_1_67' title="bbox 116 4782 1757 4867; baseline 0.009 -28"><span class='ocrx_word' id='word_1_719' title='bbox 116 4786 169 4851; x_wconf 88' lang='lat' dir='ltr'>hit,</span> <span class='ocrx_word' id='word_1_720' title='bbox 181 4784 269 4839; x_wconf 85' lang='lat' dir='ltr'>alium</span> <span class='ocrx_word' id='word_1_721' title='bbox 280 4784 309 4837; x_wconf 91' lang='lat' dir='ltr'>iu</span> <span class='ocrx_word' id='word_1_722' title='bbox 322 4784 464 4839; x_wconf 76' lang='lat' dir='ltr'>auaritiam</span> <span class='ocrx_word' id='word_1_723' title='bbox 472 4783 607 4851; x_wconf 89' lang='lat' dir='ltr'>accendit,</span> <span class='ocrx_word' id='word_1_724' title='bbox 621 4783 705 4838; x_wconf 88' lang='lat' dir='ltr'>aliurn</span> <span class='ocrx_word' id='word_1_725' title='bbox 718 4784 745 4837; x_wconf 92' lang='lat' dir='ltr'>in</span> <span class='ocrx_word' id='word_1_726' title='bbox 758 4782 914 4853; x_wconf 85' lang='lat' dir='ltr'>superbiam</span> <span class='ocrx_word' id='word_1_727' title='bbox 965 4806 1018 4863; x_wconf 72' lang='lat' dir='ltr'>pax</span> <span class='ocrx_word' id='word_1_728' title='bbox 1031 4802 1136 4860; x_wconf 70' lang='lat' dir='ltr'>nostr-a,</span> <span class='ocrx_word' id='word_1_729' title='bbox 1151 4794 1198 4865; x_wconf 84' lang='lat' dir='ltr'>qui</span> <span class='ocrx_word' id='word_1_730' title='bbox 1229 4794 1291 4849; x_wconf 82' lang='lat' dir='ltr'>iecit</span> <span class='ocrx_word' id='word_1_731' title='bbox 1317 4802 1433 4865; x_wconf 83' lang='lat' dir='ltr'>utraque</span> <span class='ocrx_word' id='word_1_732' title='bbox 1458 4811 1543 4851; x_wconf 92' lang='lat' dir='ltr'>uuum</span> <span class='ocrx_word' id='word_1_733' title='bbox 1564 4796 1671 4867; x_wconf 78' lang='lat' dir='ltr'>(Ephct.</span> <span class='ocrx_word' id='word_1_734' title='bbox 1685 4798 1727 4867; x_wconf 89' lang='grc' dir='ltr'><strong>ιι).</strong></span> <span class='ocrx_word' id='word_1_735' title='bbox 1747 4819 1757 4849; x_wconf 77' lang='lat' dir='ltr'>i</span> 
     </span>
     <span class='ocr_line' id='line_1_68' title="bbox 117 4873 1761 4957; baseline 0.008 -26"><span class='ocrx_word' id='word_1_736' title='bbox 117 4876 221 4947; x_wconf 89' lang='lat' dir='ltr'>erigit:</span> <span class='ocrx_word' id='word_1_737' title='bbox 244 4874 318 4932; x_wconf 88' lang='lat' dir='ltr'>hunc</span> <span class='ocrx_word' id='word_1_738' title='bbox 341 4876 442 4931; x_wconf 83' lang='lat' dir='ltr'>inuidia</span> <span class='ocrx_word' id='word_1_739' title='bbox 468 4874 599 4944; x_wconf 81' lang='lat' dir='ltr'>stimulat,</span> <span class='ocrx_word' id='word_1_740' title='bbox 624 4876 702 4931; x_wconf 82' lang='lat' dir='ltr'>illum</span> <span class='ocrx_word' id='word_1_741' title='bbox 724 4873 831 4932; x_wconf 69' lang='lat' dir='ltr'>fallacia</span> <span class='ocrx_word' id='word_1_742' title='bbox 848 4892 915 4947; x_wconf 78' lang='lat' dir='ltr'>sup·</span> <span class='ocrx_word' id='word_1_743' title='bbox 966 4883 1006 4939; x_wconf 85' lang='lat' dir='ltr'>Er</span> <span class='ocrx_word' id='word_1_744' title='bbox 1022 4884 1152 4940; x_wconf 82' lang='lat' dir='ltr'>hocusili</span> <span class='ocrx_word' id='word_1_745' title='bbox 1165 4884 1270 4940; x_wconf 89' lang='lat' dir='ltr'>dictum</span> <span class='ocrx_word' id='word_1_746' title='bbox 1292 4894 1334 4941; x_wconf 89' lang='lat' dir='ltr'>est</span> <span class='ocrx_word' id='word_1_747' title='bbox 1347 4886 1381 4941; x_wconf 88' lang='lat' dir='ltr'>dc</span> <span class='ocrx_word' id='word_1_748' title='bbox 1394 4886 1448 4941; x_wconf 86' lang='lat' dir='ltr'>illis</span> <span class='ocrx_word' id='word_1_749' title='bbox 1463 4885 1510 4957; x_wconf 89' lang='lat' dir='ltr'>qui</span> <span class='ocrx_word' id='word_1_750' title='bbox 1533 4888 1658 4945; x_wconf 82' lang='lat' dir='ltr'>saltandi</span> <span class='ocrx_word' id='word_1_751' title='bbox 1681 4900 1761 4945; x_wconf 90' lang='lat' dir='ltr'>eraut</span> 
     </span>
     <span class='ocr_line' id='line_1_69' title="bbox 117 4967 1761 5045; baseline 0.007 -22"><span class='ocrx_word' id='word_1_752' title='bbox 117 4969 237 5039; x_wconf 83' lang='lat' dir='ltr'>plantat.</span> <span class='ocrx_word' id='word_1_753' title='bbox 254 4967 340 5035; x_wconf 86' lang='lat' dir='ltr'>Quasi</span> <span class='ocrx_word' id='word_1_754' title='bbox 351 4983 418 5041; x_wconf 84' lang='lat' dir='ltr'>ergo</span> <span class='ocrx_word' id='word_1_755' title='bbox 431 4968 513 5041; x_wconf 87' lang='lat' dir='ltr'>lupus</span> <span class='ocrx_word' id='word_1_756' title='bbox 532 4985 640 5041; x_wconf 87' lang='lat' dir='ltr'>gregem</span> <span class='ocrx_word' id='word_1_757' title='bbox 661 4969 787 5040; x_wconf 88' lang='lat' dir='ltr'>dissipat,</span> <span class='ocrx_word' id='word_1_758' title='bbox 802 4986 866 5027; x_wconf 91' lang='lat' dir='ltr'>cum</span> <span class='ocrx_word' id='word_1_759' title='bbox 880 4969 916 5026; x_wconf 91' lang='lat' dir='ltr'>li·</span> <span class='ocrx_word' id='word_1_760' title='bbox 966 4974 994 5029; x_wconf 93' lang='lat' dir='ltr'>in</span> <span class='ocrx_word' id='word_1_761' title='bbox 1015 4973 1108 5037; x_wconf 88' lang='lat' dir='ltr'>lsrael,</span> <span class='ocrx_word' id='word_1_762' title='bbox 1128 4976 1160 5029; x_wconf 87' lang='lat' dir='ltr'>dc</span> <span class='ocrx_word' id='word_1_763' title='bbox 1182 4974 1282 5045; x_wconf 82' lang='lat' dir='ltr'>quihus</span> <span class='ocrx_word' id='word_1_764' title='bbox 1304 4973 1436 5033; x_wconf 85' lang='lat' dir='ltr'>Dominus</span> <span class='ocrx_word' id='word_1_765' title='bbox 1465 4976 1550 5033; x_wconf 79' lang='lat' dir='ltr'>dixit:</span> <span class='ocrx_word' id='word_1_766' title='bbox 1574 4996 1584 5031; x_wconf 83' lang='lat' dir='ltr'>c</span> <span class='ocrx_word' id='word_1_767' title='bbox 1613 4979 1673 5033; x_wconf 91' lang='lat' dir='ltr'>Non</span> <span class='ocrx_word' id='word_1_768' title='bbox 1698 4996 1761 5035; x_wconf 83' lang='lat' dir='ltr'>suun</span> 
     </span>
     <span class='ocr_line' id='line_1_70' title="bbox 117 5062 1762 5139; baseline 0.007 -22"><span class='ocrx_word' id='word_1_769' title='bbox 117 5063 195 5119; x_wconf 87' lang='lat' dir='ltr'>deles</span> <span class='ocrx_word' id='word_1_770' title='bbox 217 5062 345 5119; x_wconf 84' lang='lat' dir='ltr'>diabolus</span> <span class='ocrx_word' id='word_1_771' title='bbox 368 5078 417 5135; x_wconf 89' lang='lat' dir='ltr'>per</span> <span class='ocrx_word' id='word_1_772' title='bbox 438 5064 604 5121; x_wconf 70' lang='lat' dir='ltr'>tertmioues</span> <span class='ocrx_word' id='word_1_773' title='bbox 625 5073 714 5121; x_wconf 78' lang='lat' dir='ltr'>necat.</span> <span class='ocrx_word' id='word_1_774' title='bbox 730 5064 916 5121; x_wconf 79' lang='lat' dir='ltr'>llcrmrtarius</span> <span class='ocrx_word' id='word_1_775' title='bbox 966 5066 1068 5121; x_wconf 88' lang='lat' dir='ltr'>missus</span> <span class='ocrx_word' id='word_1_776' title='bbox 1087 5066 1140 5121; x_wconf 92' lang='lat' dir='ltr'>nisi</span> <span class='ocrx_word' id='word_1_777' title='bbox 1159 5066 1194 5123; x_wconf 86' lang='lat' dir='ltr'>atl</span> <span class='ocrx_word' id='word_1_778' title='bbox 1215 5081 1281 5123; x_wconf 84' lang='lat' dir='ltr'>oves</span> <span class='ocrx_word' id='word_1_779' title='bbox 1303 5082 1365 5139; x_wconf 79' lang='lat' dir='ltr'>quae</span> <span class='ocrx_word' id='word_1_780' title='bbox 1387 5066 1527 5138; x_wconf 74' lang='lat' dir='ltr'>periurust</span> <span class='ocrx_word' id='word_1_781' title='bbox 1553 5069 1652 5127; x_wconf 90' lang='lat' dir='ltr'>domus</span> <span class='ocrx_word' id='word_1_782' title='bbox 1679 5070 1762 5129; x_wconf 72' lang='lat' dir='ltr'>terat</span> 
     </span>
     <span class='ocr_line' id='line_1_71' title="bbox 117 5153 1762 5232; baseline 0.008 -24"><span class='ocrx_word' id='word_1_783' title='bbox 117 5163 213 5210; x_wconf 86' lang='lat' dir='ltr'>autem</span> <span class='ocrx_word' id='word_1_784' title='bbox 229 5153 325 5210; x_wconf 80' lang='lat' dir='ltr'>sidens</span> <span class='ocrx_word' id='word_1_785' title='bbox 337 5154 433 5225; x_wconf 90' lang='lat' dir='ltr'>lupum</span> <span class='ocrx_word' id='word_1_786' title='bbox 447 5153 527 5226; x_wconf 87' lang='lat' dir='ltr'>iugit,</span> <span class='ocrx_word' id='word_1_787' title='bbox 539 5156 603 5226; x_wconf 85' lang='lat' dir='ltr'>quia</span> <span class='ocrx_word' id='word_1_788' title='bbox 616 5156 805 5212; x_wconf 76' lang='lat' dir='ltr'>mercenarius</span> <span class='ocrx_word' id='word_1_789' title='bbox 828 5165 869 5213; x_wconf 87' lang='lat' dir='ltr'>est</span> <span class='ocrx_word' id='word_1_790' title='bbox 889 5164 916 5211; x_wconf 92' lang='lat' dir='ltr'>et</span> <span class='ocrx_word' id='word_1_791' title='bbox 966 5158 1078 5230; x_wconf 76' lang='lat' dir='ltr'>(death.</span> <span class='ocrx_word' id='word_1_792' title='bbox 1094 5159 1151 5229; x_wconf 78' lang='lat' dir='ltr'>ru).</span> <span class='ocrx_word' id='word_1_793' title='bbox 1169 5178 1178 5213; x_wconf 90' lang='grc' dir='ltr'><strong>ι</strong></span> <span class='ocrx_word' id='word_1_794' title='bbox 1196 5158 1253 5217; x_wconf 90' lang='lat' dir='ltr'>lloe</span> <span class='ocrx_word' id='word_1_795' title='bbox 1268 5160 1329 5215; x_wconf 91' lang='lat' dir='ltr'>ideo</span> <span class='ocrx_word' id='word_1_796' title='bbox 1343 5160 1421 5227; x_wconf 83' lang='lat' dir='ltr'>dixit,</span> <span class='ocrx_word' id='word_1_797' title='bbox 1433 5162 1496 5232; x_wconf 89' lang='lat' dir='ltr'>quia</span> <span class='ocrx_word' id='word_1_798' title='bbox 1512 5164 1684 5231; x_wconf 78' lang='lat' dir='ltr'>praesentiam</span> <span class='ocrx_word' id='word_1_799' title='bbox 1699 5180 1762 5221; x_wconf 89' lang='lat' dir='ltr'>cor-</span> 
     </span>
     <span class='ocr_line' id='line_1_72' title="bbox 117 5245 1761 5327; baseline 0.007 -28"><span class='ocrx_word' id='word_1_800' title='bbox 117 5260 175 5301; x_wconf 88' lang='lat' dir='ltr'>non</span> <span class='ocrx_word' id='word_1_801' title='bbox 198 5245 290 5317; x_wconf 85' lang='lat' dir='ltr'>diligit</span> <span class='ocrx_word' id='word_1_802' title='bbox 311 5245 340 5300; x_wconf 91' lang='lat' dir='ltr'>in</span> <span class='ocrx_word' id='word_1_803' title='bbox 355 5246 454 5303; x_wconf 82' lang='lat' dir='ltr'>oribus</span> <span class='ocrx_word' id='word_1_804' title='bbox 473 5246 626 5316; x_wconf 86' lang='lat' dir='ltr'>Christum,</span> <span class='ocrx_word' id='word_1_805' title='bbox 641 5248 688 5305; x_wconf 89' lang='lat' dir='ltr'>sed</span> <span class='ocrx_word' id='word_1_806' title='bbox 703 5247 747 5304; x_wconf 89' lang='lat' dir='ltr'>lae</span> <span class='ocrx_word' id='word_1_807' title='bbox 764 5257 793 5304; x_wconf 85' lang='lat' dir='ltr'>ct</span> <span class='ocrx_word' id='word_1_808' title='bbox 804 5249 914 5304; x_wconf 86' lang='lat' dir='ltr'>lanam:</span> <span class='ocrx_word' id='word_1_809' title='bbox 966 5252 1089 5325; x_wconf 88' lang='lat' dir='ltr'>poralem</span> <span class='ocrx_word' id='word_1_810' title='bbox 1111 5268 1166 5308; x_wconf 90' lang='lat' dir='ltr'>non</span> <span class='ocrx_word' id='word_1_811' title='bbox 1189 5251 1323 5321; x_wconf 85' lang='lat' dir='ltr'>exhihuit,</span> <span class='ocrx_word' id='word_1_812' title='bbox 1346 5251 1398 5307; x_wconf 88' lang='lat' dir='ltr'>nisi</span> <span class='ocrx_word' id='word_1_813' title='bbox 1419 5252 1520 5323; x_wconf 92' lang='lat' dir='ltr'>populo</span> <span class='ocrx_word' id='word_1_814' title='bbox 1536 5253 1598 5319; x_wconf 91' lang='lat' dir='ltr'>illi;</span> <span class='ocrx_word' id='word_1_815' title='bbox 1615 5254 1761 5327; x_wconf 86' lang='lat' dir='ltr'>adgentes</span> 
     </span>
     <span class='ocr_line' id='line_1_73' title="bbox 118 5338 1761 5418; baseline 0.004 -23"><span class='ocrx_word' id='word_1_816' title='bbox 118 5348 281 5410; x_wconf 83' lang='lat' dir='ltr'>peccantem</span> <span class='ocrx_word' id='word_1_817' title='bbox 304 5354 360 5396; x_wconf 90' lang='lat' dir='ltr'>non</span> <span class='ocrx_word' id='word_1_818' title='bbox 380 5340 466 5396; x_wconf 90' lang='lat' dir='ltr'>liherc</span> <span class='ocrx_word' id='word_1_819' title='bbox 480 5338 564 5393; x_wconf 85' lang='lat' dir='ltr'>audet</span> <span class='ocrx_word' id='word_1_820' title='bbox 585 5356 710 5413; x_wconf 77' lang='lat' dir='ltr'>arguere,</span> <span class='ocrx_word' id='word_1_821' title='bbox 726 5340 916 5397; x_wconf 86' lang='lat' dir='ltr'>excommuni·</span> <span class='ocrx_word' id='word_1_822' title='bbox 965 5344 1040 5401; x_wconf 89' lang='lat' dir='ltr'>enim</span> <span class='ocrx_word' id='word_1_823' title='bbox 1064 5360 1119 5401; x_wconf 90' lang='lat' dir='ltr'>non</span> <span class='ocrx_word' id='word_1_824' title='bbox 1140 5344 1269 5417; x_wconf 83' lang='lat' dir='ltr'>perrexit,</span> <span class='ocrx_word' id='word_1_825' title='bbox 1294 5345 1341 5401; x_wconf 85' lang='lat' dir='ltr'>sed</span> <span class='ocrx_word' id='word_1_826' title='bbox 1361 5346 1436 5401; x_wconf 91' lang='lat' dir='ltr'>misit</span> <span class='ocrx_word' id='word_1_827' title='bbox 1456 5362 1523 5403; x_wconf 86' lang='lat' dir='ltr'>suos</span> <span class='ocrx_word' id='word_1_828' title='bbox 1549 5346 1576 5402; x_wconf 91' lang='lat' dir='ltr'>in</span> <span class='ocrx_word' id='word_1_829' title='bbox 1591 5347 1761 5418; x_wconf 80' lang='lat' dir='ltr'>qtrihusipse</span> 
     </span>
     <span class='ocr_line' id='line_1_74' title="bbox 117 5432 1145 5516; baseline 0.005 -29"><span class='ocrx_word' id='word_1_830' title='bbox 117 5432 917 5505; x_wconf 78' lang='lat' dir='ltr'>candumaaaaudetexoommunicare,neperdateomruo</span> <span class='ocrx_word' id='word_1_831' title='bbox 965 5438 1075 5516; x_wconf 76' lang='lat' dir='ltr'>loeutus</span> <span class='ocrx_word' id='word_1_832' title='bbox 1094 5446 1145 5493; x_wconf 88' lang='lat' dir='ltr'>est.</span> 
     </span>
    </p>

    <p class='ocr_par' dir='ltr' id='par_1_14' title="bbox 118 5524 1761 5689">
     <span class='ocr_line' id='line_1_75' title="bbox 118 5524 1761 5594; baseline 0.004 -15"><span class='ocrx_word' id='word_1_833' title='bbox 118 5524 234 5580; x_wconf 88' lang='lat' dir='ltr'>ditatern</span> <span class='ocrx_word' id='word_1_834' title='bbox 249 5524 523 5594; x_wconf 77' lang='lat' dir='ltr'>annaneanichta.</span> <span class='ocrx_word' id='word_1_835' title='bbox 538 5540 610 5585; x_wconf 89' lang='lat' dir='ltr'>etue</span> <span class='ocrx_word' id='word_1_836' title='bbox 623 5527 746 5585; x_wconf 89' lang='lat' dir='ltr'>incurrat</span> <span class='ocrx_word' id='word_1_837' title='bbox 760 5526 916 5583; x_wconf 82' lang='lat' dir='ltr'>molestiam</span> <span class='ocrx_word' id='word_1_838' title='bbox 967 5528 1084 5587; x_wconf 75' lang='lat' dir='ltr'>stulto</span> <span class='ocrx_word' id='word_1_839' title='bbox 1118 5528 1163 5586; x_wconf 79' lang='lat' dir='ltr'>uh</span> <span class='ocrx_word' id='word_1_840' title='bbox 1192 5526 1410 5585; x_wconf 69' lang='lat' dir='ltr'>passerculis</span> <span class='ocrx_word' id='word_1_841' title='bbox 1450 5530 1494 5585; x_wconf 83' lang='lat' dir='ltr'>ul·</span> <span class='ocrx_word' id='word_1_842' title='bbox 1526 5528 1761 5587; x_wconf 75' lang='lat' dir='ltr'>uuachualllts</span> 
     </span>
     <span class='ocr_line' id='line_1_76' title="bbox 1197 5620 1528 5689; baseline 0.006 -12"><span class='ocrx_word' id='word_1_843' title='bbox 1197 5620 1315 5689; x_wconf 77' lang='lat' dir='ltr'><strong>ATQUE</strong></span> <span class='ocrx_word' id='word_1_844' title='bbox 1335 5621 1528 5679; x_wconf 83' lang='lat' dir='ltr'>SUBJECTlS.</span> 
     </span>
    </p>

    <p class='ocr_par' dir='ltr' id='par_1_15' title="bbox 113 5710 1760 5970">
     <span class='ocr_line' id='line_1_77' title="bbox 117 5710 1760 5788; baseline 0.006 -24"><span class='ocrx_word' id='word_1_845' title='bbox 117 5718 191 5767; x_wconf 91' lang='lat' dir='ltr'>taect</span> <span class='ocrx_word' id='word_1_846' title='bbox 207 5710 273 5781; x_wconf 82' lang='lat' dir='ltr'>quia</span> <span class='ocrx_word' id='word_1_847' title='bbox 289 5711 383 5779; x_wconf 89' lang='lat' dir='ltr'>timet;</span> <span class='ocrx_word' id='word_1_848' title='bbox 402 5710 466 5783; x_wconf 85' lang='lat' dir='ltr'>iuga</span> <span class='ocrx_word' id='word_1_849' title='bbox 493 5713 578 5769; x_wconf 89' lang='lat' dir='ltr'>animi</span> <span class='ocrx_word' id='word_1_850' title='bbox 599 5713 682 5769; x_wconf 91' lang='lat' dir='ltr'>timor</span> <span class='ocrx_word' id='word_1_851' title='bbox 693 5720 747 5781; x_wconf 88' lang='lat' dir='ltr'>cst,</span> <span class='ocrx_word' id='word_1_852' title='bbox 766 5727 802 5768; x_wconf 93' lang='lat' dir='ltr'>ue</span> <span class='ocrx_word' id='word_1_853' title='bbox 821 5712 917 5782; x_wconf 89' lang='lat' dir='ltr'>perdat</span> <span class='ocrx_word' id='word_1_854' title='bbox 1004 5711 1128 5769; x_wconf 78' lang='lat' dir='ltr'>«Pastor</span> <span class='ocrx_word' id='word_1_855' title='bbox 1153 5714 1243 5771; x_wconf 84' lang='lat' dir='ltr'>bonus</span> <span class='ocrx_word' id='word_1_856' title='bbox 1266 5716 1386 5771; x_wconf 88' lang='lat' dir='ltr'>animam</span> <span class='ocrx_word' id='word_1_857' title='bbox 1401 5730 1479 5771; x_wconf 88' lang='lat' dir='ltr'>suam</span> <span class='ocrx_word' id='word_1_858' title='bbox 1503 5716 1580 5786; x_wconf 91' lang='lat' dir='ltr'>pouit</span> <span class='ocrx_word' id='word_1_859' title='bbox 1597 5731 1647 5788; x_wconf 88' lang='lat' dir='ltr'>pro</span> <span class='ocrx_word' id='word_1_860' title='bbox 1662 5717 1760 5777; x_wconf 81' lang='lat' dir='ltr'>ouibus</span> 
     </span>
     <span class='ocr_line' id='line_1_78' title="bbox 113 5801 1758 5882; baseline 0.009 -28"><span class='ocrx_word' id='word_1_861' title='bbox 113 5818 201 5873; x_wconf 79' lang='lat' dir='ltr'>quiem</span> <span class='ocrx_word' id='word_1_862' title='bbox 211 5801 310 5873; x_wconf 87' lang='lat' dir='ltr'>diligit.</span> <span class='ocrx_word' id='word_1_863' title='bbox 318 5802 702 5878; x_wconf 76' lang='lat' dir='ltr'>Corporestattspirituiugit.</span> <span class='ocrx_word' id='word_1_864' title='bbox 714 5804 793 5872; x_wconf 86' lang='lat' dir='ltr'>Quod</span> <span class='ocrx_word' id='word_1_865' title='bbox 802 5804 848 5859; x_wconf 90' lang='lat' dir='ltr'>ille</span> <span class='ocrx_word' id='word_1_866' title='bbox 860 5818 916 5859; x_wconf 91' lang='lat' dir='ltr'>non</span> <span class='ocrx_word' id='word_1_867' title='bbox 966 5805 1025 5861; x_wconf 86' lang='lat' dir='ltr'>suis</span> <span class='ocrx_word' id='word_1_868' title='bbox 1044 5804 1137 5876; x_wconf 73' lang='lat' dir='ltr'>(doen.</span> <span class='ocrx_word' id='word_1_869' title='bbox 1154 5806 1192 5875; x_wconf 83' lang='grc' dir='ltr'><strong>ι).</strong></span> <span class='ocrx_word' id='word_1_870' title='bbox 1209 5826 1220 5859; x_wconf 89' lang='grc' dir='ltr'><strong>ι</strong></span> <span class='ocrx_word' id='word_1_871' title='bbox 1235 5806 1311 5863; x_wconf 82' lang='lat' dir='ltr'>Sicut</span> <span class='ocrx_word' id='word_1_872' title='bbox 1331 5807 1473 5877; x_wconf 77' lang='lat' dir='ltr'>pervigilat</span> <span class='ocrx_word' id='word_1_873' title='bbox 1494 5811 1645 5882; x_wconf 71' lang='lat' dir='ltr'>graaorqul</span> <span class='ocrx_word' id='word_1_874' title='bbox 1661 5820 1758 5869; x_wconf 85' lang='lat' dir='ltr'>contra</span> 
     </span>
     <span class='ocr_line' id='line_1_79' title="bbox 115 5893 1756 5970; baseline 0.01 -23"><span class='ocrx_word' id='word_1_875' title='bbox 115 5893 238 5952; x_wconf 84' lang='lat' dir='ltr'>iaciehat</span> <span class='ocrx_word' id='word_1_876' title='bbox 251 5896 299 5967; x_wconf 83' lang='lat' dir='ltr'>qui</span> <span class='ocrx_word' id='word_1_877' title='bbox 311 5895 421 5951; x_wconf 85' lang='lat' dir='ltr'>dicebat</span> <span class='ocrx_word' id='word_1_878' title='bbox 437 5916 443 5954; x_wconf 92' lang='lat'><strong>:</strong></span> <span class='ocrx_word' id='word_1_879' title='bbox 466 5917 475 5949; x_wconf 85' lang='lat' dir='ltr'>t</span> <span class='ocrx_word' id='word_1_880' title='bbox 494 5897 528 5953; x_wconf 83' lang='lat' dir='ltr'>Et</span> <span class='ocrx_word' id='word_1_881' title='bbox 551 5899 574 5953; x_wconf 88' lang='lat' dir='ltr'>si</span> <span class='ocrx_word' id='word_1_882' title='bbox 597 5912 712 5970; x_wconf 84' lang='lat' dir='ltr'>corpore</span> <span class='ocrx_word' id='word_1_883' title='bbox 725 5898 824 5953; x_wconf 65' lang='lat' dir='ltr'>ahmins</span> <span class='ocrx_word' id='word_1_884' title='bbox 841 5912 913 5959; x_wconf 87' lang='lat' dir='ltr'>sum.</span> <span class='ocrx_word' id='word_1_885' title='bbox 966 5898 1068 5956; x_wconf 86' lang='lat' dir='ltr'>bestias</span> <span class='ocrx_word' id='word_1_886' title='bbox 1081 5914 1146 5955; x_wconf 83' lang='lat' dir='ltr'>oues</span> <span class='ocrx_word' id='word_1_887' title='bbox 1160 5898 1299 5955; x_wconf 86' lang='lat' dir='ltr'>custodire</span> <span class='ocrx_word' id='word_1_888' title='bbox 1313 5900 1393 5967; x_wconf 88' lang='lat' dir='ltr'>solet,</span> <span class='ocrx_word' id='word_1_889' title='bbox 1408 5898 1443 5955; x_wconf 91' lang='lat' dir='ltr'>ita</span> <span class='ocrx_word' id='word_1_890' title='bbox 1456 5908 1484 5956; x_wconf 92' lang='lat' dir='ltr'>et</span> <span class='ocrx_word' id='word_1_891' title='bbox 1501 5901 1548 5961; x_wconf 82' lang='lat' dir='ltr'>het</span> <span class='ocrx_word' id='word_1_892' title='bbox 1566 5906 1692 5963; x_wconf 85' lang='lat' dir='ltr'>sacerdos</span> <span class='ocrx_word' id='word_1_893' title='bbox 1708 5923 1756 5963; x_wconf 87' lang='lat' dir='ltr'>su-</span> 
     </span>
    </p>
   </div>
   <div class='ocr_carea' id='block_1_11' title="bbox 118 5618 916 5693">
    <p class='ocr_par' dir='ltr' id='par_1_16' title="bbox 118 5618 916 5693">
     <span class='ocr_line' id='line_1_80' title="bbox 118 5618 916 5693; baseline 0 -20"><span class='ocrx_word' id='word_1_894' title='bbox 118 5618 307 5673; x_wconf 88' lang='lat' dir='ltr'>humanarum</span> <span class='ocrx_word' id='word_1_895' title='bbox 334 5618 529 5677; x_wconf 88' lang='lat' dir='ltr'>amicitiarum.</span> <span class='ocrx_word' id='word_1_896' title='bbox 553 5620 634 5692; x_wconf 84' lang='lat' dir='ltr'>Fugit</span> <span class='ocrx_word' id='word_1_897' title='bbox 657 5635 725 5693; x_wconf 92' lang='lat' dir='ltr'>ergo</span> <span class='ocrx_word' id='word_1_898' title='bbox 748 5618 812 5690; x_wconf 84' lang='lat' dir='ltr'>quia</span> <span class='ocrx_word' id='word_1_899' title='bbox 834 5626 916 5686; x_wconf 85' lang='lat' dir='ltr'>tacet,</span> 
     </span>
    </p>
   </div>
   <div class='ocr_carea' id='block_1_12' title="bbox 0 0 2014 6342">
    <p class='ocr_par' dir='ltr' id='par_1_17' title="bbox 0 0 2014 6342">
     <span class='ocr_line' id='line_1_81' title="bbox 0 0 2014 6342; baseline 0 0"><span class='ocrx_word' id='word_1_900' title='bbox 0 0 2014 6342; x_wconf 95' lang='lat' dir='ltr'> </span> 
     </span>
    </p>
   </div>
  </div>
 </body>
</html>
