<?xml version="1.0" encoding="UTF-8"?>
<!DOCTYPE html PUBLIC "-//W3C//DTD XHTML 1.0 Transitional//EN"
    "http://www.w3.org/TR/xhtml1/DTD/xhtml1-transitional.dtd">
<html xmlns="http://www.w3.org/1999/xhtml" xml:lang="en" lang="en">
 <head>
  <title>
</title>
<meta http-equiv="Content-Type" content="text/html;charset=utf-8" />
  <meta name='ocr-system' content='tesseract 3.04.00' />
  <meta name='ocr-capabilities' content='ocr_page ocr_carea ocr_par ocr_line ocrx_word'/>
</head>
<body>
  <div class='ocr_page' id='page_1' title='image "./patrologiaecurs137migngoog/patrologiaecurs137migngoog_0123.png"; bbox 0 0 4017 6342; ppageno 0'>
   <div class='ocr_carea' id='block_1_1' title="bbox 890 358 1086 419">
    <p class='ocr_par' dir='ltr' id='par_1_1' title="bbox 890 358 1086 419">
     <span class='ocr_line' id='line_1_1' title="bbox 890 358 1086 419; baseline -0.005 0"><span class='ocrx_word' id='word_1_1' title='bbox 890 358 1086 419; x_wconf 67' lang='lat' dir='ltr'>nodosus.</span> 
     </span>
    </p>
   </div>
   <div class='ocr_carea' id='block_1_2' title="bbox 276 472 1708 1832">
    <p class='ocr_par' dir='ltr' id='par_1_2' title="bbox 276 472 1708 1832">
     <span class='ocr_line' id='line_1_2' title="bbox 389 472 1409 545; baseline -0.004 -10"><span class='ocrx_word' id='word_1_2' title='bbox 389 479 405 535; x_wconf 84' lang='lat' dir='ltr'>l</span> <span class='ocrx_word' id='word_1_3' title='bbox 408 498 423 535; x_wconf 90' lang='lat' dir='ltr'>tt</span> <span class='ocrx_word' id='word_1_4' title='bbox 436 478 571 534; x_wconf 78' lang='lat' dir='ltr'>matutinis</span> <span class='ocrx_word' id='word_1_5' title='bbox 587 476 728 532; x_wconf 73' lang='lat' dir='ltr'><strong><em>Laudibus.</em></strong></span> <span class='ocrx_word' id='word_1_6' title='bbox 976 485 1001 537; x_wconf 73' lang='grc' dir='ltr'><strong>Α</strong></span> <span class='ocrx_word' id='word_1_7' title='bbox 1121 472 1264 545; x_wconf 75' lang='lat' dir='ltr'>turpatus</span> <span class='ocrx_word' id='word_1_8' title='bbox 1276 474 1409 543; x_wconf 75' lang='lat' dir='ltr'>obtinuit,</span> 
     </span>
     <span class='ocr_line' id='line_1_3' title="bbox 292 568 1467 641; baseline -0.003 -13"><span class='ocrx_word' id='word_1_9' title='bbox 292 610 298 641; x_wconf 37' lang='lat' dir='ltr'>a,</span> <span class='ocrx_word' id='word_1_10' title='bbox 311 572 468 628; x_wconf 78' lang='lat' dir='ltr'>Etmiseras</span> <span class='ocrx_word' id='word_1_11' title='bbox 489 578 518 626; x_wconf 90' lang='lat' dir='ltr'>et</span> <span class='ocrx_word' id='word_1_12' title='bbox 529 570 639 625; x_wconf 83' lang='lat' dir='ltr'>atriseros</span> <span class='ocrx_word' id='word_1_13' title='bbox 1123 568 1257 640; x_wconf 78' lang='lat' dir='ltr'>Quidquid</span> <span class='ocrx_word' id='word_1_14' title='bbox 1272 569 1321 625; x_wconf 89' lang='lat' dir='ltr'>tibi</span> <span class='ocrx_word' id='word_1_15' title='bbox 1337 570 1467 626; x_wconf 82' lang='lat' dir='ltr'>exiribnit.</span> 
     </span>
     <span class='ocr_line' id='line_1_4' title="bbox 280 660 1516 730; baseline 0 -12"><span class='ocrx_word' id='word_1_16' title='bbox 280 660 628 723; x_wconf 84' lang='lat' dir='ltr'>l&#39;ocatDeusmiscricors,</span> <span class='ocrx_word' id='word_1_17' title='bbox 1154 660 1516 730; x_wconf 76' lang='lat' dir='ltr'>Ateourdiseompunctio,</span> 
     </span>
     <span class='ocr_line' id='line_1_5' title="bbox 277 748 1440 831; baseline 0.001 -24"><span class='ocrx_word' id='word_1_18' title='bbox 277 751 376 807; x_wconf 83' lang='lat' dir='ltr'>(inanes</span> <span class='ocrx_word' id='word_1_19' title='bbox 389 750 423 807; x_wconf 87' lang='lat' dir='ltr'>ad</span> <span class='ocrx_word' id='word_1_20' title='bbox 436 748 632 823; x_wconf 79' lang='lat' dir='ltr'>paonitentiam.</span> <span class='ocrx_word' id='word_1_21' title='bbox 782 766 785 775; x_wconf 89' lang='lat'>·</span> <span class='ocrx_word' id='word_1_22' title='bbox 812 782 816 801; x_wconf 64' lang='grc' dir='ltr'>ι</span> <span class='ocrx_word' id='word_1_23' title='bbox 848 776 854 787; x_wconf 91' lang='grc'><em>·</em></span> <span class='ocrx_word' id='word_1_24' title='bbox 930 808 937 831; x_wconf 41' lang='lat'><em>⁴</em></span> <span class='ocrx_word' id='word_1_25' title='bbox 1118 749 1323 823; x_wconf 78' lang='lat' dir='ltr'>Eteapillorum</span> <span class='ocrx_word' id='word_1_26' title='bbox 1342 753 1440 819; x_wconf 90' lang='lat' dir='ltr'>tersio,</span> 
     </span>
     <span class='ocr_line' id='line_1_6' title="bbox 276 826 1423 915; baseline 0.003 -18"><span class='ocrx_word' id='word_1_27' title='bbox 276 843 355 915; x_wconf 70' lang='lat'>321</span> <span class='ocrx_word' id='word_1_28' title='bbox 368 842 401 897; x_wconf 86' lang='lat' dir='ltr'>Et</span> <span class='ocrx_word' id='word_1_29' title='bbox 415 840 555 911; x_wconf 90' lang='lat' dir='ltr'>pollicetur</span> <span class='ocrx_word' id='word_1_30' title='bbox 568 841 684 895; x_wconf 84' lang='lat' dir='ltr'>tertiam.</span> <span class='ocrx_word' id='word_1_31' title='bbox 840 892 846 914; x_wconf 63' lang='grc'><em>,</em></span> <span class='ocrx_word' id='word_1_32' title='bbox 899 826 925 911; x_wconf 55' lang='grc'>’,</span> <span class='ocrx_word' id='word_1_33' title='bbox 956 889 958 899; x_wconf 71' lang='grc'>,</span> <span class='ocrx_word' id='word_1_34' title='bbox 1115 842 1260 913; x_wconf 73' lang='lat' dir='ltr'>sstpealurn</span> <span class='ocrx_word' id='word_1_35' title='bbox 1277 843 1423 908; x_wconf 82' lang='lat' dir='ltr'>osculatio.</span> 
     </span>
     <span class='ocr_line' id='line_1_7' title="bbox 312 923 1409 1005; baseline -0.006 -13"><span class='ocrx_word' id='word_1_36' title='bbox 312 938 487 1005; x_wconf 74' lang='lat' dir='ltr'>Contemptur</span> <span class='ocrx_word' id='word_1_37' title='bbox 500 933 664 1005; x_wconf 71' lang='lat' dir='ltr'>punitentia</span> <span class='ocrx_word' id='word_1_38' title='bbox 817 923 819 931; x_wconf 85' lang='grc'><strong>’</strong></span> <span class='ocrx_word' id='word_1_39' title='bbox 1116 929 1289 1003; x_wconf 72' lang='lat' dir='ltr'>Et1nnpoauti</span> <span class='ocrx_word' id='word_1_40' title='bbox 1304 928 1409 987; x_wconf 81' lang='lat' dir='ltr'>ebirsio.</span> 
     </span>
     <span class='ocr_line' id='line_1_8' title="bbox 278 1018 1450 1094; baseline -0.002 -14"><span class='ocrx_word' id='word_1_41' title='bbox 278 1024 356 1080; x_wconf 86' lang='lat' dir='ltr'>Solus</span> <span class='ocrx_word' id='word_1_42' title='bbox 367 1034 410 1081; x_wconf 85' lang='lat' dir='ltr'>est</span> <span class='ocrx_word' id='word_1_43' title='bbox 423 1037 521 1094; x_wconf 87' lang='lat' dir='ltr'>expers</span> <span class='ocrx_word' id='word_1_44' title='bbox 531 1023 632 1079; x_wconf 75' lang='lat' dir='ltr'>reniae:</span> <span class='ocrx_word' id='word_1_45' title='bbox 1152 1018 1315 1078; x_wconf 76' lang='lat' dir='ltr'>&#39;loturututc</span> <span class='ocrx_word' id='word_1_46' title='bbox 1331 1024 1450 1094; x_wconf 83' lang='lat' dir='ltr'>pietatis,</span> 
     </span>
     <span class='ocr_line' id='line_1_9' title="bbox 278 1112 1708 1187; baseline -0.002 -13"><span class='ocrx_word' id='word_1_47' title='bbox 278 1116 579 1174; x_wconf 77' lang='lat' dir='ltr'>Factormiserieordire</span> <span class='ocrx_word' id='word_1_48' title='bbox 1115 1112 1540 1187; x_wconf 75' lang='lat' dir='ltr'>Quodlscitbaeepropeccatis,</span> <span class='ocrx_word' id='word_1_49' title='bbox 1651 1178 1656 1186; x_wconf 47' lang='grc'><strong>,</strong></span> <span class='ocrx_word' id='word_1_50' title='bbox 1703 1166 1708 1181; x_wconf 84' lang='grc'>,</span> 
     </span>
     <span class='ocr_line' id='line_1_10' title="bbox 278 1205 1522 1278; baseline -0.001 -14"><span class='ocrx_word' id='word_1_51' title='bbox 278 1206 394 1275; x_wconf 84' lang='lat' dir='ltr'>Christe,</span> <span class='ocrx_word' id='word_1_52' title='bbox 408 1205 492 1262; x_wconf 88' lang='lat' dir='ltr'>nostri</span> <span class='ocrx_word' id='word_1_53' title='bbox 508 1205 643 1260; x_wconf 83' lang='lat' dir='ltr'>mirerere.</span> <span class='ocrx_word' id='word_1_54' title='bbox 1115 1206 1193 1275; x_wconf 76' lang='lat' dir='ltr'>Quod</span> <span class='ocrx_word' id='word_1_55' title='bbox 1203 1223 1253 1278; x_wconf 91' lang='lat' dir='ltr'>pro</span> <span class='ocrx_word' id='word_1_56' title='bbox 1265 1207 1365 1265; x_wconf 78' lang='lat' dir='ltr'>rmtris</span> <span class='ocrx_word' id='word_1_57' title='bbox 1375 1208 1522 1274; x_wconf 70' lang='lat' dir='ltr'>uranus,</span> 
     </span>
     <span class='ocr_line' id='line_1_11' title="bbox 312 1296 1446 1368; baseline -0.002 -14"><span class='ocrx_word' id='word_1_58' title='bbox 312 1299 444 1355; x_wconf 87' lang='lat' dir='ltr'>immensa</span> <span class='ocrx_word' id='word_1_59' title='bbox 461 1305 506 1352; x_wconf 89' lang='lat' dir='ltr'>tua</span> <span class='ocrx_word' id='word_1_60' title='bbox 519 1296 626 1353; x_wconf 75' lang='lat' dir='ltr'>bonitas</span> <span class='ocrx_word' id='word_1_61' title='bbox 1116 1296 1166 1363; x_wconf 85' lang='lat' dir='ltr'>Da,</span> <span class='ocrx_word' id='word_1_62' title='bbox 1183 1298 1446 1368; x_wconf 81' lang='lat' dir='ltr'>pie,nepereanans.</span> 
     </span>
     <span class='ocr_line' id='line_1_12' title="bbox 278 1388 1440 1461; baseline 0.002 -16"><span class='ocrx_word' id='word_1_63' title='bbox 278 1388 367 1445; x_wconf 71' lang='lat' dir='ltr'>llario</span> <span class='ocrx_word' id='word_1_64' title='bbox 379 1388 452 1447; x_wconf 86' lang='lat' dir='ltr'>dedit</span> <span class='ocrx_word' id='word_1_65' title='bbox 465 1389 618 1461; x_wconf 82' lang='lat' dir='ltr'>lacrymas:</span> <span class='ocrx_word' id='word_1_66' title='bbox 1155 1390 1440 1457; x_wconf 64' lang='lat' dir='ltr'>usurariorum,</span> 
     </span>
     <span class='ocr_line' id='line_1_13' title="bbox 278 1481 1399 1559; baseline 0.005 -22"><span class='ocrx_word' id='word_1_67' title='bbox 278 1482 330 1539; x_wconf 83' lang='lat' dir='ltr'>Per</span> <span class='ocrx_word' id='word_1_68' title='bbox 341 1482 521 1555; x_wconf 80' lang='lat' dir='ltr'>lacrymarum</span> <span class='ocrx_word' id='word_1_69' title='bbox 539 1481 650 1537; x_wconf 82' lang='lat' dir='ltr'>linaium</span> <span class='ocrx_word' id='word_1_70' title='bbox 1116 1487 1232 1559; x_wconf 75' lang='lat' dir='ltr'>Spiritui</span> <span class='ocrx_word' id='word_1_71' title='bbox 1250 1487 1399 1559; x_wconf 83' lang='lat' dir='ltr'>paraclito,</span> 
     </span>
     <span class='ocr_line' id='line_1_14' title="bbox 277 1573 1465 1651; baseline 0.003 -20"><span class='ocrx_word' id='word_1_72' title='bbox 277 1573 390 1631; x_wconf 73' lang='lat' dir='ltr'>Florum</span> <span class='ocrx_word' id='word_1_73' title='bbox 403 1575 545 1632; x_wconf 76' lang='lat' dir='ltr'>restrinxit</span> <span class='ocrx_word' id='word_1_74' title='bbox 556 1574 714 1629; x_wconf 87' lang='lat' dir='ltr'>criminum.</span> <span class='ocrx_word' id='word_1_75' title='bbox 1118 1576 1221 1645; x_wconf 88' lang='lat' dir='ltr'>liuttor,</span> <span class='ocrx_word' id='word_1_76' title='bbox 1231 1579 1327 1645; x_wconf 78' lang='lat' dir='ltr'>virtut,</span> <span class='ocrx_word' id='word_1_77' title='bbox 1340 1578 1465 1651; x_wconf 63' lang='lat' dir='ltr'>etaloris</span> 
     </span>
     <span class='ocr_line' id='line_1_15' title="bbox 312 1664 1552 1741; baseline -0.004 -12"><span class='ocrx_word' id='word_1_78' title='bbox 312 1666 375 1724; x_wconf 71' lang='lat' dir='ltr'>ilaec</span> <span class='ocrx_word' id='word_1_79' title='bbox 389 1664 666 1729; x_wconf 72' lang='lat' dir='ltr'>subdiiudttmouiit.</span> <span class='ocrx_word' id='word_1_80' title='bbox 1116 1670 1146 1726; x_wconf 91' lang='lat' dir='ltr'>ln</span> <span class='ocrx_word' id='word_1_81' title='bbox 1159 1670 1552 1741; x_wconf 66' lang='lat' dir='ltr'>compressansteneras.</span> 
     </span>
     <span class='ocr_line' id='line_1_16' title="bbox 277 1756 564 1832; baseline -0.007 -17"><span class='ocrx_word' id='word_1_82' title='bbox 277 1758 363 1832; x_wconf 76' lang='lat' dir='ltr'>itque</span> <span class='ocrx_word' id='word_1_83' title='bbox 373 1757 462 1814; x_wconf 87' lang='lat' dir='ltr'>dedita</span> <span class='ocrx_word' id='word_1_84' title='bbox 476 1756 564 1823; x_wconf 76' lang='lat' dir='ltr'>vitiis,</span> 
     </span>
    </p>
   </div>
   <div class='ocr_carea' id='block_1_3' title="bbox 188 1916 1797 1951">
    <p class='ocr_par' dir='ltr' id='par_1_3' title="bbox 188 1916 1797 1951">
     <span class='ocr_line' id='line_1_17' title="bbox 188 1916 1797 1951; baseline 0.004 -6"><span class='ocrx_word' id='word_1_85' title='bbox 188 1916 1797 1951; x_wconf 45' lang='lat' dir='ltr'>*mm-*w</span> 
     </span>
    </p>
   </div>
   <div class='ocr_carea' id='block_1_4' title="bbox 696 2082 1253 2241">
    <p class='ocr_par' dir='ltr' id='par_1_4' title="bbox 696 2082 1253 2241">
     <span class='ocr_line' id='line_1_18' title="bbox 696 2082 1253 2241; baseline -0.013 1"><span class='ocrx_word' id='word_1_86' title='bbox 696 2082 1253 2241; x_wconf 87' lang='lat' dir='ltr'>GOFFRIDI</span> 
     </span>
    </p>
   </div>
   <div class='ocr_carea' id='block_1_5' title="bbox 438 2344 1474 2421">
    <p class='ocr_par' dir='ltr' id='par_1_5' title="bbox 438 2344 1474 2421">
     <span class='ocr_line' id='line_1_19' title="bbox 438 2344 1474 2421; baseline -0.001 -15"><span class='ocrx_word' id='word_1_87' title='bbox 438 2344 614 2421; x_wconf 54' lang='lat'>”2323</span> <span class='ocrx_word' id='word_1_88' title='bbox 625 2346 769 2403; x_wconf 76' lang='lat' dir='ltr'>lutatis</span> <span class='ocrx_word' id='word_1_89' title='bbox 787 2344 1048 2405; x_wconf 76' lang='lat' dir='ltr'>VlNDDClNDNSlS</span> <span class='ocrx_word' id='word_1_90' title='bbox 1065 2346 1097 2402; x_wconf 87' lang='lat' dir='ltr'>D.</span> <span class='ocrx_word' id='word_1_91' title='bbox 1116 2345 1251 2405; x_wconf 66' lang='lat' dir='ltr'>Pulsum</span> <span class='ocrx_word' id='word_1_92' title='bbox 1269 2346 1474 2407; x_wconf 71' lang='lat' dir='ltr'>conmittis</span> 
     </span>
    </p>
   </div>
   <div class='ocr_carea' id='block_1_6' title="bbox 781 2522 1289 2639">
    <p class='ocr_par' dir='ltr' id='par_1_6' title="bbox 781 2522 1289 2639">
     <span class='ocr_line' id='line_1_20' title="bbox 781 2522 1289 2639; baseline 0 0"><span class='ocrx_word' id='word_1_93' title='bbox 781 2522 1174 2639; x_wconf 86' lang='lat' dir='ltr'><strong>SERMONES.</strong></span> <span class='ocrx_word' id='word_1_94' title='bbox 1282 2595 1289 2610; x_wconf 88' lang='lat'><strong>·</strong></span> 
     </span>
    </p>
   </div>
   <div class='ocr_carea' id='block_1_7' title="bbox 171 2854 1860 5892">
    <p class='ocr_par' dir='ltr' id='par_1_7' title="bbox 426 2854 1797 2930">
     <span class='ocr_line' id='line_1_21' title="bbox 426 2854 1797 2930; baseline 0.008 -18"><span class='ocrx_word' id='word_1_95' title='bbox 426 2854 542 2915; x_wconf 71' lang='lat' dir='ltr'>stillio</span> <span class='ocrx_word' id='word_1_96' title='bbox 558 2854 700 2913; x_wconf 72' lang='lat' dir='ltr'>uultus.</span> <span class='ocrx_word' id='word_1_97' title='bbox 936 2888 940 2897; x_wconf 92' lang='lat'>.</span> <span class='ocrx_word' id='word_1_98' title='bbox 974 2864 996 2921; x_wconf 79' lang='grc' dir='ltr'><strong>Β</strong></span> <span class='ocrx_word' id='word_1_99' title='bbox 1009 2857 1080 2915; x_wconf 89' lang='lat' dir='ltr'>tiens</span> <span class='ocrx_word' id='word_1_100' title='bbox 1089 2857 1200 2922; x_wconf 86' lang='lat' dir='ltr'>misero,</span> <span class='ocrx_word' id='word_1_101' title='bbox 1215 2872 1250 2915; x_wconf 89' lang='lat' dir='ltr'>ne</span> <span class='ocrx_word' id='word_1_102' title='bbox 1262 2858 1347 2915; x_wconf 87' lang='lat' dir='ltr'>tuiser</span> <span class='ocrx_word' id='word_1_103' title='bbox 1367 2858 1394 2914; x_wconf 94' lang='lat' dir='ltr'>in</span> <span class='ocrx_word' id='word_1_104' title='bbox 1417 2858 1526 2917; x_wconf 86' lang='lat' dir='ltr'>miseria</span> <span class='ocrx_word' id='word_1_105' title='bbox 1539 2871 1700 2930; x_wconf 69' lang='lat' dir='ltr'>maneret,</span> <span class='ocrx_word' id='word_1_106' title='bbox 1712 2864 1797 2923; x_wconf 85' lang='lat' dir='ltr'>mise·</span> 
     </span>
    </p>

    <p class='ocr_par' dir='ltr' id='par_1_8' title="bbox 375 2948 1793 3026">
     <span class='ocr_line' id='line_1_22' title="bbox 375 2948 1793 3026; baseline 0.004 -20"><span class='ocrx_word' id='word_1_107' title='bbox 375 2966 404 3007; x_wconf 91' lang='lat' dir='ltr'>ut</span> <span class='ocrx_word' id='word_1_108' title='bbox 428 2965 591 3008; x_wconf 84' lang='grc' dir='ltr'>ιιιτιιιιτιτι</span> <span class='ocrx_word' id='word_1_109' title='bbox 610 2963 701 3005; x_wconf 80' lang='lat' dir='ltr'>nostru</span> <span class='ocrx_word' id='word_1_110' title='bbox 720 2964 737 3003; x_wconf 94' lang='grc' dir='ltr'>ι.</span> <span class='ocrx_word' id='word_1_111' title='bbox 1010 2948 1154 3004; x_wconf 87' lang='lat' dir='ltr'>ricordiam</span> <span class='ocrx_word' id='word_1_112' title='bbox 1178 2948 1253 3016; x_wconf 87' lang='lat' dir='ltr'>lecit,</span> <span class='ocrx_word' id='word_1_113' title='bbox 1276 2959 1304 3004; x_wconf 88' lang='lat' dir='ltr'>et</span> <span class='ocrx_word' id='word_1_114' title='bbox 1325 2949 1371 3020; x_wconf 82' lang='lat' dir='ltr'>qui</span> <span class='ocrx_word' id='word_1_115' title='bbox 1394 2950 1469 3021; x_wconf 89' lang='lat' dir='ltr'>prius</span> <span class='ocrx_word' id='word_1_116' title='bbox 1495 2963 1653 3022; x_wconf 77' lang='lat' dir='ltr'>peccantem</span> <span class='ocrx_word' id='word_1_117' title='bbox 1668 2955 1793 3026; x_wconf 65' lang='lat' dir='ltr'>angelum</span> 
     </span>
    </p>

    <p class='ocr_par' dir='ltr' id='par_1_9' title="bbox 196 3036 1795 3115">
     <span class='ocr_line' id='line_1_23' title="bbox 196 3036 1795 3115; baseline 0.001 -8"><span class='ocrx_word' id='word_1_118' title='bbox 196 3047 289 3115; x_wconf 87' lang='lat' dir='ltr'>llotlie,</span> <span class='ocrx_word' id='word_1_119' title='bbox 307 3046 493 3111; x_wconf 86' lang='lat' dir='ltr'>dilectissimi,</span> <span class='ocrx_word' id='word_1_120' title='bbox 507 3042 671 3101; x_wconf 81' lang='lat' dir='ltr'>uenerabilis</span> <span class='ocrx_word' id='word_1_121' title='bbox 684 3052 712 3099; x_wconf 89' lang='lat' dir='ltr'>et</span> <span class='ocrx_word' id='word_1_122' title='bbox 735 3043 895 3103; x_wconf 84' lang='lat' dir='ltr'>universalis</span> <span class='ocrx_word' id='word_1_123' title='bbox 908 3058 954 3100; x_wconf 85' lang='lat' dir='ltr'>re·</span> <span class='ocrx_word' id='word_1_124' title='bbox 1003 3036 1077 3107; x_wconf 85' lang='lat' dir='ltr'>juste</span> <span class='ocrx_word' id='word_1_125' title='bbox 1097 3040 1283 3105; x_wconf 60' lang='lat' dir='ltr'>diurnalem.</span> <span class='ocrx_word' id='word_1_126' title='bbox 1297 3039 1332 3095; x_wconf 58' lang='lat' dir='ltr'>ab</span> <span class='ocrx_word' id='word_1_127' title='bbox 1351 3054 1385 3095; x_wconf 71' lang='lat'>0⁰</span> <span class='ocrx_word' id='word_1_128' title='bbox 1407 3042 1547 3099; x_wconf 57' lang='lat' dir='ltr'>mittitur</span> <span class='ocrx_word' id='word_1_129' title='bbox 1562 3044 1697 3102; x_wconf 76' lang='lat' dir='ltr'>bominem</span> <span class='ocrx_word' id='word_1_130' title='bbox 1714 3047 1795 3103; x_wconf 74' lang='lat' dir='ltr'>mito·</span> 
     </span>
    </p>

    <p class='ocr_par' dir='ltr' id='par_1_10' title="bbox 172 3130 1795 3761">
     <span class='ocr_line' id='line_1_24' title="bbox 172 3130 1792 3212; baseline 0.001 -17"><span class='ocrx_word' id='word_1_131' title='bbox 172 3139 227 3212; x_wconf 74' lang='lat' dir='ltr'>pua</span> <span class='ocrx_word' id='word_1_132' title='bbox 251 3137 415 3211; x_wconf 72' lang='lat' dir='ltr'>angelorum</span> <span class='ocrx_word' id='word_1_133' title='bbox 438 3143 467 3191; x_wconf 92' lang='lat' dir='ltr'>et</span> <span class='ocrx_word' id='word_1_134' title='bbox 487 3134 626 3191; x_wconf 90' lang='lat' dir='ltr'>hominum</span> <span class='ocrx_word' id='word_1_135' title='bbox 650 3132 848 3204; x_wconf 73' lang='lat' dir='ltr'>cugullaria,</span> <span class='ocrx_word' id='word_1_136' title='bbox 874 3148 954 3205; x_wconf 86' lang='lat' dir='ltr'>quern</span> <span class='ocrx_word' id='word_1_137' title='bbox 1008 3130 1152 3187; x_wconf 88' lang='lat' dir='ltr'>ricorditer</span> <span class='ocrx_word' id='word_1_138' title='bbox 1163 3132 1292 3203; x_wconf 82' lang='lat' dir='ltr'>respexit.</span> <span class='ocrx_word' id='word_1_139' title='bbox 1309 3133 1436 3189; x_wconf 74' lang='lat' dir='ltr'>Peccavit</span> <span class='ocrx_word' id='word_1_140' title='bbox 1462 3136 1584 3207; x_wconf 72' lang='lat' dir='ltr'>ungebas,</span> <span class='ocrx_word' id='word_1_141' title='bbox 1610 3148 1669 3194; x_wconf 87' lang='lat' dir='ltr'>eta</span> <span class='ocrx_word' id='word_1_142' title='bbox 1693 3137 1750 3195; x_wconf 86' lang='lat' dir='ltr'>Deo</span> <span class='ocrx_word' id='word_1_143' title='bbox 1764 3141 1792 3197; x_wconf 92' lang='lat' dir='ltr'>ln</span> 
     </span>
     <span class='ocr_line' id='line_1_25' title="bbox 175 3219 1795 3301; baseline -0.004 -11"><span class='ocrx_word' id='word_1_144' title='bbox 175 3232 248 3289; x_wconf 85' lang='lat' dir='ltr'>terito</span> <span class='ocrx_word' id='word_1_145' title='bbox 260 3229 385 3300; x_wconf 89' lang='lat' dir='ltr'>concepit</span> <span class='ocrx_word' id='word_1_146' title='bbox 400 3227 533 3301; x_wconf 70' lang='lat' dir='ltr'>angelico,</span> <span class='ocrx_word' id='word_1_147' title='bbox 548 3226 640 3282; x_wconf 87' lang='lat' dir='ltr'>clauso</span> <span class='ocrx_word' id='word_1_148' title='bbox 651 3231 730 3281; x_wconf 90' lang='lat' dir='ltr'>uteru</span> <span class='ocrx_word' id='word_1_149' title='bbox 748 3235 840 3281; x_wconf 84' lang='lat' dir='ltr'>nattam</span> <span class='ocrx_word' id='word_1_150' title='bbox 853 3228 954 3282; x_wconf 90' lang='lat' dir='ltr'>mundo</span> <span class='ocrx_word' id='word_1_151' title='bbox 1006 3228 1137 3275; x_wconf 75' lang='lat' dir='ltr'>aeternum</span> <span class='ocrx_word' id='word_1_152' title='bbox 1149 3219 1294 3277; x_wconf 86' lang='lat' dir='ltr'>damnatur</span> <span class='ocrx_word' id='word_1_153' title='bbox 1307 3236 1316 3277; x_wconf 80' lang='lat' dir='ltr'>t</span> <span class='ocrx_word' id='word_1_154' title='bbox 1331 3223 1454 3292; x_wconf 84' lang='lat' dir='ltr'>peccauit</span> <span class='ocrx_word' id='word_1_155' title='bbox 1465 3224 1557 3293; x_wconf 88' lang='lat' dir='ltr'>homo,</span> <span class='ocrx_word' id='word_1_156' title='bbox 1569 3234 1597 3282; x_wconf 91' lang='lat' dir='ltr'>et</span> <span class='ocrx_word' id='word_1_157' title='bbox 1608 3228 1678 3284; x_wconf 86' lang='lat' dir='ltr'>Deus</span> <span class='ocrx_word' id='word_1_158' title='bbox 1693 3228 1720 3285; x_wconf 91' lang='lat' dir='ltr'>in</span> <span class='ocrx_word' id='word_1_159' title='bbox 1734 3239 1795 3285; x_wconf 84' lang='lat' dir='ltr'>tart·</span> 
     </span>
     <span class='ocr_line' id='line_1_26' title="bbox 178 3310 1794 3387; baseline 0.001 -11"><span class='ocrx_word' id='word_1_160' title='bbox 178 3322 252 3376; x_wconf 87' lang='lat' dir='ltr'>edidit</span> <span class='ocrx_word' id='word_1_161' title='bbox 264 3318 445 3375; x_wconf 79' lang='lat' dir='ltr'>Sairatmenr.</span> <span class='ocrx_word' id='word_1_162' title='bbox 459 3315 554 3373; x_wconf 84' lang='lat' dir='ltr'>Ouum</span> <span class='ocrx_word' id='word_1_163' title='bbox 567 3314 665 3386; x_wconf 73' lang='lat' dir='ltr'>gaudio</span> <span class='ocrx_word' id='word_1_164' title='bbox 687 3322 714 3369; x_wconf 90' lang='lat' dir='ltr'>et</span> <span class='ocrx_word' id='word_1_165' title='bbox 728 3315 780 3370; x_wconf 85' lang='lat' dir='ltr'>tide</span> <span class='ocrx_word' id='word_1_166' title='bbox 794 3316 951 3373; x_wconf 87' lang='lat' dir='ltr'>admiranda</span> <span class='ocrx_word' id='word_1_167' title='bbox 994 3318 1063 3365; x_wconf 87' lang='lat' dir='ltr'>tnta</span> <span class='ocrx_word' id='word_1_168' title='bbox 1077 3310 1116 3366; x_wconf 88' lang='lat' dir='ltr'>iili</span> <span class='ocrx_word' id='word_1_169' title='bbox 1128 3312 1303 3382; x_wconf 89' lang='lat' dir='ltr'>compatitur,</span> <span class='ocrx_word' id='word_1_170' title='bbox 1318 3324 1347 3367; x_wconf 91' lang='grc' dir='ltr'>ιιι</span> <span class='ocrx_word' id='word_1_171' title='bbox 1359 3328 1414 3369; x_wconf 91' lang='lat' dir='ltr'>nun</span> <span class='ocrx_word' id='word_1_172' title='bbox 1431 3312 1519 3371; x_wconf 89' lang='lat' dir='ltr'>solum</span> <span class='ocrx_word' id='word_1_173' title='bbox 1533 3330 1582 3387; x_wconf 92' lang='lat' dir='ltr'>pro</span> <span class='ocrx_word' id='word_1_174' title='bbox 1597 3316 1644 3371; x_wconf 91' lang='lat' dir='ltr'>ilio</span> <span class='ocrx_word' id='word_1_175' title='bbox 1657 3317 1794 3379; x_wconf 83' lang='lat' dir='ltr'>inemuari</span> 
     </span>
     <span class='ocr_line' id='line_1_27' title="bbox 181 3402 1792 3481; baseline 0 -12"><span class='ocrx_word' id='word_1_176' title='bbox 181 3413 309 3469; x_wconf 77' lang='lat' dir='ltr'>nativitas!</span> <span class='ocrx_word' id='word_1_177' title='bbox 332 3412 406 3468; x_wconf 81' lang='lat' dir='ltr'>Ecce</span> <span class='ocrx_word' id='word_1_178' title='bbox 428 3410 524 3467; x_wconf 90' lang='lat' dir='ltr'>mulier</span> <span class='ocrx_word' id='word_1_179' title='bbox 543 3410 602 3466; x_wconf 90' lang='lat' dir='ltr'>sine</span> <span class='ocrx_word' id='word_1_180' title='bbox 620 3409 691 3467; x_wconf 89' lang='lat' dir='ltr'>coitu</span> <span class='ocrx_word' id='word_1_181' title='bbox 705 3409 831 3481; x_wconf 77' lang='lat' dir='ltr'>mercipit,</span> <span class='ocrx_word' id='word_1_182' title='bbox 846 3410 955 3481; x_wconf 78' lang='lat' dir='ltr'>grauida</span> <span class='ocrx_word' id='word_1_183' title='bbox 1006 3410 1034 3458; x_wconf 72' lang='lat'>0¹</span> <span class='ocrx_word' id='word_1_184' title='bbox 1048 3402 1123 3459; x_wconf 67' lang='lat' dir='ltr'>bisti</span> <span class='ocrx_word' id='word_1_185' title='bbox 1139 3403 1307 3475; x_wconf 70' lang='lat' dir='ltr'>didntrelili&#39;.</span> <span class='ocrx_word' id='word_1_186' title='bbox 1322 3406 1371 3462; x_wconf 69' lang='lat' dir='ltr'>sed</span> <span class='ocrx_word' id='word_1_187' title='bbox 1390 3406 1469 3462; x_wconf 73' lang='lat' dir='ltr'>moti·</span> <span class='ocrx_word' id='word_1_188' title='bbox 1491 3406 1593 3465; x_wconf 86' lang='lat' dir='ltr'>Dmira</span> <span class='ocrx_word' id='word_1_189' title='bbox 1608 3421 1635 3466; x_wconf 91' lang='lat' dir='ltr'>et</span> <span class='ocrx_word' id='word_1_190' title='bbox 1651 3410 1792 3468; x_wconf 84' lang='lat' dir='ltr'>inenarra-</span> 
     </span>
     <span class='ocr_line' id='line_1_28' title="bbox 185 3494 1791 3577; baseline 0.002 -17"><span class='ocrx_word' id='word_1_191' title='bbox 185 3506 374 3577; x_wconf 69' lang='lat' dir='ltr'>cineraceam</span> <span class='ocrx_word' id='word_1_192' title='bbox 386 3502 514 3567; x_wconf 80' lang='lat' dir='ltr'>allicitur,</span> <span class='ocrx_word' id='word_1_193' title='bbox 529 3501 601 3571; x_wconf 90' lang='lat' dir='ltr'>parit</span> <span class='ocrx_word' id='word_1_194' title='bbox 614 3502 672 3557; x_wconf 90' lang='lat' dir='ltr'>sine</span> <span class='ocrx_word' id='word_1_195' title='bbox 688 3501 790 3568; x_wconf 90' lang='lat' dir='ltr'>dolore,</span> <span class='ocrx_word' id='word_1_196' title='bbox 803 3502 880 3572; x_wconf 76' lang='lat' dir='ltr'>uirgo</span> <span class='ocrx_word' id='word_1_197' title='bbox 890 3516 953 3557; x_wconf 85' lang='lat' dir='ltr'>sarr·</span> <span class='ocrx_word' id='word_1_198' title='bbox 1004 3494 1148 3552; x_wconf 89' lang='lat' dir='ltr'>bliiscirea</span> <span class='ocrx_word' id='word_1_199' title='bbox 1160 3496 1295 3553; x_wconf 87' lang='lat' dir='ltr'>bominem</span> <span class='ocrx_word' id='word_1_200' title='bbox 1307 3496 1412 3553; x_wconf 79' lang='lat' dir='ltr'>Domini</span> <span class='ocrx_word' id='word_1_201' title='bbox 1424 3500 1525 3571; x_wconf 84' lang='lat' dir='ltr'>pietas!</span> <span class='ocrx_word' id='word_1_202' title='bbox 1542 3499 1648 3557; x_wconf 85' lang='lat' dir='ltr'>Dralle</span> <span class='ocrx_word' id='word_1_203' title='bbox 1657 3502 1791 3563; x_wconf 84' lang='lat' dir='ltr'>districta.</span> 
     </span>
     <span class='ocr_line' id='line_1_29' title="bbox 187 3588 1790 3667; baseline 0 -14"><span class='ocrx_word' id='word_1_204' title='bbox 187 3608 224 3653; x_wconf 87' lang='lat' dir='ltr'>cta</span> <span class='ocrx_word' id='word_1_205' title='bbox 239 3608 296 3653; x_wconf 75' lang='lat' dir='ltr'>aitte</span> <span class='ocrx_word' id='word_1_206' title='bbox 318 3606 435 3667; x_wconf 82' lang='lat' dir='ltr'>partuum,</span> <span class='ocrx_word' id='word_1_207' title='bbox 459 3594 486 3649; x_wconf 93' lang='lat' dir='ltr'>in</span> <span class='ocrx_word' id='word_1_208' title='bbox 501 3603 578 3666; x_wconf 90' lang='lat' dir='ltr'>partu</span> <span class='ocrx_word' id='word_1_209' title='bbox 602 3594 679 3665; x_wconf 75' lang='lat' dir='ltr'>uirgo</span> <span class='ocrx_word' id='word_1_210' title='bbox 693 3595 821 3659; x_wconf 86' lang='lat' dir='ltr'>sanctior,</span> <span class='ocrx_word' id='word_1_211' title='bbox 839 3596 955 3651; x_wconf 85' lang='lat' dir='ltr'>sanctis-</span> <span class='ocrx_word' id='word_1_212' title='bbox 1005 3589 1053 3643; x_wconf 86' lang='lat' dir='ltr'>sed</span> <span class='ocrx_word' id='word_1_213' title='bbox 1067 3588 1178 3645; x_wconf 90' lang='lat' dir='ltr'>omnino</span> <span class='ocrx_word' id='word_1_214' title='bbox 1201 3588 1274 3659; x_wconf 78' lang='lat' dir='ltr'>iusta</span> <span class='ocrx_word' id='word_1_215' title='bbox 1295 3599 1390 3647; x_wconf 85' lang='lat' dir='ltr'>contra</span> <span class='ocrx_word' id='word_1_216' title='bbox 1415 3592 1540 3663; x_wconf 75' lang='lat' dir='ltr'>angelum</span> <span class='ocrx_word' id='word_1_217' title='bbox 1567 3593 1615 3649; x_wconf 89' lang='lat' dir='ltr'>Dei</span> <span class='ocrx_word' id='word_1_218' title='bbox 1642 3597 1790 3654; x_wconf 84' lang='lat' dir='ltr'>seneritas!</span> 
     </span>
     <span class='ocr_line' id='line_1_30' title="bbox 189 3679 1794 3761; baseline 0.003 -20"><span class='ocrx_word' id='word_1_219' title='bbox 189 3686 245 3742; x_wconf 88' lang='lat' dir='ltr'>aima</span> <span class='ocrx_word' id='word_1_220' title='bbox 260 3689 329 3759; x_wconf 74' lang='lat' dir='ltr'>virgo</span> <span class='ocrx_word' id='word_1_221' title='bbox 349 3694 410 3758; x_wconf 86' lang='lat' dir='ltr'>pust</span> <span class='ocrx_word' id='word_1_222' title='bbox 431 3694 550 3757; x_wconf 87' lang='lat' dir='ltr'>partum,</span> <span class='ocrx_word' id='word_1_223' title='bbox 567 3684 625 3741; x_wconf 76' lang='lat' dir='ltr'>haec</span> <span class='ocrx_word' id='word_1_224' title='bbox 638 3684 694 3743; x_wconf 86' lang='lat' dir='ltr'>sula</span> <span class='ocrx_word' id='word_1_225' title='bbox 718 3684 838 3740; x_wconf 80' lang='lat' dir='ltr'>lotitiam</span> <span class='ocrx_word' id='word_1_226' title='bbox 859 3686 954 3739; x_wconf 83' lang='lat' dir='ltr'>matris</span> <span class='ocrx_word' id='word_1_227' title='bbox 1005 3679 1099 3736; x_wconf 78' lang='lat' dir='ltr'>brustans</span> <span class='ocrx_word' id='word_1_228' title='bbox 1111 3681 1205 3752; x_wconf 76' lang='lat' dir='ltr'>itatius</span> <span class='ocrx_word' id='word_1_229' title='bbox 1215 3692 1240 3737; x_wconf 90' lang='lat' dir='ltr'>et</span> <span class='ocrx_word' id='word_1_230' title='bbox 1252 3683 1312 3754; x_wconf 89' lang='lat' dir='ltr'>pius</span> <span class='ocrx_word' id='word_1_231' title='bbox 1325 3682 1407 3755; x_wconf 75' lang='lat'>325</span> <span class='ocrx_word' id='word_1_232' title='bbox 1419 3685 1549 3743; x_wconf 83' lang='lat' dir='ltr'>Dominus</span> <span class='ocrx_word' id='word_1_233' title='bbox 1563 3696 1590 3741; x_wconf 94' lang='lat' dir='ltr'>et</span> <span class='ocrx_word' id='word_1_234' title='bbox 1600 3696 1696 3743; x_wconf 89' lang='lat' dir='ltr'>contra</span> <span class='ocrx_word' id='word_1_235' title='bbox 1710 3703 1794 3761; x_wconf 74' lang='lat' dir='ltr'>ange·</span> 
     </span>
    </p>

    <p class='ocr_par' dir='ltr' id='par_1_11' title="bbox 191 3768 1790 3849">
     <span class='ocr_line' id='line_1_31' title="bbox 191 3768 1790 3849; baseline 0.003 -23"><span class='ocrx_word' id='word_1_236' title='bbox 191 3779 257 3834; x_wconf 65' lang='lat' dir='ltr'>simul</span> <span class='ocrx_word' id='word_1_237' title='bbox 274 3780 390 3835; x_wconf 76' lang='lat' dir='ltr'>obtinere</span> <span class='ocrx_word' id='word_1_238' title='bbox 413 3778 523 3841; x_wconf 85' lang='lat' dir='ltr'>meruit,</span> <span class='ocrx_word' id='word_1_239' title='bbox 548 3786 575 3831; x_wconf 87' lang='lat' dir='ltr'>et</span> <span class='ocrx_word' id='word_1_240' title='bbox 589 3776 703 3847; x_wconf 72' lang='lat' dir='ltr'>gloriam</span> <span class='ocrx_word' id='word_1_241' title='bbox 718 3776 882 3847; x_wconf 75' lang='lat' dir='ltr'>virginitatis</span> <span class='ocrx_word' id='word_1_242' title='bbox 897 3792 905 3829; x_wconf 77' lang='lat' dir='ltr'>t</span> <span class='ocrx_word' id='word_1_243' title='bbox 921 3775 955 3833; x_wconf 84' lang='lat' dir='ltr'>tls</span> <span class='ocrx_word' id='word_1_244' title='bbox 1006 3768 1061 3823; x_wconf 91' lang='lat' dir='ltr'>lum</span> <span class='ocrx_word' id='word_1_245' title='bbox 1075 3771 1130 3841; x_wconf 72' lang='lat' dir='ltr'>egit</span> <span class='ocrx_word' id='word_1_246' title='bbox 1141 3772 1295 3834; x_wconf 80' lang='lat' dir='ltr'>seueritate,</span> <span class='ocrx_word' id='word_1_247' title='bbox 1305 3782 1334 3828; x_wconf 92' lang='lat' dir='ltr'>ct</span> <span class='ocrx_word' id='word_1_248' title='bbox 1345 3788 1410 3842; x_wconf 76' lang='lat' dir='ltr'>erga</span> <span class='ocrx_word' id='word_1_249' title='bbox 1422 3772 1559 3830; x_wconf 90' lang='lat' dir='ltr'>bominem</span> <span class='ocrx_word' id='word_1_250' title='bbox 1569 3775 1677 3847; x_wconf 87' lang='lat' dir='ltr'>pietatis</span> <span class='ocrx_word' id='word_1_251' title='bbox 1688 3793 1790 3849; x_wconf 85' lang='lat' dir='ltr'>aurora.</span> 
     </span>
    </p>

    <p class='ocr_par' dir='ltr' id='par_1_12' title="bbox 193 3859 1791 3940">
     <span class='ocr_line' id='line_1_32' title="bbox 193 3859 1791 3940; baseline 0.001 -20"><span class='ocrx_word' id='word_1_252' title='bbox 193 3868 256 3937; x_wconf 75' lang='lat' dir='ltr'>coitis</span> <span class='ocrx_word' id='word_1_253' title='bbox 276 3868 353 3923; x_wconf 86' lang='lat' dir='ltr'>castis</span> <span class='ocrx_word' id='word_1_254' title='bbox 373 3867 533 3931; x_wconf 82' lang='lat' dir='ltr'>uisceribns,</span> <span class='ocrx_word' id='word_1_255' title='bbox 561 3866 631 3921; x_wconf 81' lang='lat' dir='ltr'>Deus</span> <span class='ocrx_word' id='word_1_256' title='bbox 655 3867 735 3919; x_wconf 86' lang='lat' dir='ltr'>ltonro</span> <span class='ocrx_word' id='word_1_257' title='bbox 749 3863 836 3919; x_wconf 86' lang='lat' dir='ltr'>iactus</span> <span class='ocrx_word' id='word_1_258' title='bbox 855 3864 888 3919; x_wconf 87' lang='lat' dir='ltr'>ad</span> <span class='ocrx_word' id='word_1_259' title='bbox 905 3878 954 3921; x_wconf 83' lang='lat' dir='ltr'>ouo</span> <span class='ocrx_word' id='word_1_260' title='bbox 1006 3859 1125 3931; x_wconf 85' lang='lat' dir='ltr'>Uterque</span> <span class='ocrx_word' id='word_1_261' title='bbox 1134 3865 1273 3931; x_wconf 83' lang='lat' dir='ltr'>peccando</span> <span class='ocrx_word' id='word_1_262' title='bbox 1282 3874 1430 3925; x_wconf 84' lang='lat' dir='ltr'>corruerat.</span> <span class='ocrx_word' id='word_1_263' title='bbox 1443 3866 1489 3919; x_wconf 87' lang='lat' dir='ltr'>setl</span> <span class='ocrx_word' id='word_1_264' title='bbox 1502 3866 1624 3935; x_wconf 81' lang='lat' dir='ltr'>angeium</span> <span class='ocrx_word' id='word_1_265' title='bbox 1637 3868 1670 3922; x_wconf 87' lang='lat' dir='ltr'>ad</span> <span class='ocrx_word' id='word_1_266' title='bbox 1682 3884 1791 3940; x_wconf 81' lang='lat' dir='ltr'>paenam</span> 
     </span>
    </p>

    <p class='ocr_par' dir='ltr' id='par_1_13' title="bbox 193 3948 1792 4025">
     <span class='ocr_line' id='line_1_33' title="bbox 193 3948 1792 4025; baseline -0.001 -14"><span class='ocrx_word' id='word_1_267' title='bbox 193 3958 264 4023; x_wconf 75' lang='lat' dir='ltr'>scuit,</span> <span class='ocrx_word' id='word_1_268' title='bbox 281 3959 304 4010; x_wconf 92' lang='lat' dir='ltr'>in</span> <span class='ocrx_word' id='word_1_269' title='bbox 320 3958 377 4010; x_wconf 85' lang='lat' dir='ltr'>sitm</span> <span class='ocrx_word' id='word_1_270' title='bbox 388 3956 504 4025; x_wconf 76' lang='lat' dir='ltr'>Virginis</span> <span class='ocrx_word' id='word_1_271' title='bbox 530 3954 624 4008; x_wconf 85' lang='lat' dir='ltr'>matris</span> <span class='ocrx_word' id='word_1_272' title='bbox 648 3954 724 4007; x_wconf 84' lang='lat' dir='ltr'>lteuta</span> <span class='ocrx_word' id='word_1_273' title='bbox 751 3955 832 4006; x_wconf 76' lang='lat' dir='ltr'>itinera</span> <span class='ocrx_word' id='word_1_274' title='bbox 858 3953 954 4023; x_wconf 82' lang='lat' dir='ltr'>quibus</span> <span class='ocrx_word' id='word_1_275' title='bbox 1007 3948 1077 4003; x_wconf 91' lang='lat' dir='ltr'>Dens</span> <span class='ocrx_word' id='word_1_276' title='bbox 1091 3950 1229 4018; x_wconf 83' lang='lat' dir='ltr'>deputarit</span> <span class='ocrx_word' id='word_1_277' title='bbox 1246 3962 1375 4006; x_wconf 77' lang='lat' dir='ltr'>aeternam</span> <span class='ocrx_word' id='word_1_278' title='bbox 1391 3950 1506 4007; x_wconf 75' lang='lat' dir='ltr'>censano</span> <span class='ocrx_word' id='word_1_279' title='bbox 1525 3954 1647 4021; x_wconf 73' lang='lat' dir='ltr'>insudo,</span> <span class='ocrx_word' id='word_1_280' title='bbox 1662 3966 1690 4009; x_wconf 79' lang='lat' dir='ltr'>rt</span> <span class='ocrx_word' id='word_1_281' title='bbox 1705 3960 1792 4011; x_wconf 80' lang='lat' dir='ltr'>intrati-</span> 
     </span>
    </p>

    <p class='ocr_par' dir='ltr' id='par_1_14' title="bbox 193 4043 1789 4117">
     <span class='ocr_line' id='line_1_34' title="bbox 193 4043 1789 4117; baseline -0.001 -16"><span class='ocrx_word' id='word_1_282' title='bbox 193 4046 391 4114; x_wconf 82' lang='lat' dir='ltr'>piennuicbatnr</span> <span class='ocrx_word' id='word_1_283' title='bbox 406 4043 488 4117; x_wconf 59' lang='lat'>324</span> <span class='ocrx_word' id='word_1_284' title='bbox 506 4043 578 4097; x_wconf 80' lang='lat' dir='ltr'>filiali</span> <span class='ocrx_word' id='word_1_285' title='bbox 591 4043 734 4098; x_wconf 77' lang='lat' dir='ltr'>(illectione</span> <span class='ocrx_word' id='word_1_286' title='bbox 753 4051 879 4113; x_wconf 88' lang='lat' dir='ltr'>appetere</span> <span class='ocrx_word' id='word_1_287' title='bbox 899 4056 952 4096; x_wconf 89' lang='lat' dir='ltr'>uon</span> <span class='ocrx_word' id='word_1_288' title='bbox 1005 4057 1068 4096; x_wconf 87' lang='lat' dir='ltr'>netu</span> <span class='ocrx_word' id='word_1_289' title='bbox 1093 4044 1229 4097; x_wconf 80' lang='lat' dir='ltr'>reuocauit</span> <span class='ocrx_word' id='word_1_290' title='bbox 1250 4045 1284 4098; x_wconf 85' lang='lat' dir='ltr'>ad</span> <span class='ocrx_word' id='word_1_291' title='bbox 1313 4043 1427 4113; x_wconf 83' lang='lat' dir='ltr'>glorium</span> <span class='ocrx_word' id='word_1_292' title='bbox 1458 4046 1555 4098; x_wconf 88' lang='lat' dir='ltr'>intuitu</span> <span class='ocrx_word' id='word_1_293' title='bbox 1585 4047 1789 4103; x_wconf 71' lang='lat' dir='ltr'>miserium-diac.</span> 
     </span>
    </p>

    <p class='ocr_par' dir='ltr' id='par_1_15' title="bbox 192 4131 1791 4209">
     <span class='ocr_line' id='line_1_35' title="bbox 192 4131 1791 4209; baseline 0.001 -18"><span class='ocrx_word' id='word_1_294' title='bbox 192 4136 329 4209; x_wconf 68' lang='lat' dir='ltr'>belligerans·</span> <span class='ocrx_word' id='word_1_295' title='bbox 351 4138 458 4203; x_wconf 80' lang='lat' dir='ltr'>Elone,</span> <span class='ocrx_word' id='word_1_296' title='bbox 476 4136 586 4201; x_wconf 81' lang='lat' dir='ltr'>iratres,</span> <span class='ocrx_word' id='word_1_297' title='bbox 603 4134 816 4191; x_wconf 88' lang='lat' dir='ltr'>Deietbumiuis</span> <span class='ocrx_word' id='word_1_298' title='bbox 831 4134 955 4189; x_wconf 83' lang='lat' dir='ltr'>nativita·</span> <span class='ocrx_word' id='word_1_299' title='bbox 1005 4132 1119 4187; x_wconf 77' lang='lat' dir='ltr'>Provida</span> <span class='ocrx_word' id='word_1_300' title='bbox 1147 4148 1263 4202; x_wconf 80' lang='lat' dir='ltr'>namqne</span> <span class='ocrx_word' id='word_1_301' title='bbox 1285 4142 1314 4188; x_wconf 91' lang='lat' dir='ltr'>ct</span> <span class='ocrx_word' id='word_1_302' title='bbox 1338 4131 1492 4187; x_wconf 87' lang='lat' dir='ltr'>rationabili</span> <span class='ocrx_word' id='word_1_303' title='bbox 1517 4134 1563 4189; x_wconf 90' lang='lat' dir='ltr'>Dei</span> <span class='ocrx_word' id='word_1_304' title='bbox 1590 4135 1791 4205; x_wconf 82' lang='lat' dir='ltr'>dispensatione</span> 
     </span>
    </p>

    <p class='ocr_par' dir='ltr' id='par_1_16' title="bbox 191 4224 1790 4303">
     <span class='ocr_line' id='line_1_36' title="bbox 191 4224 1790 4303; baseline 0.003 -22"><span class='ocrx_word' id='word_1_305' title='bbox 191 4238 236 4283; x_wconf 84' lang='lat' dir='ltr'>tem</span> <span class='ocrx_word' id='word_1_306' title='bbox 246 4232 376 4287; x_wconf 80' lang='lat' dir='ltr'>deuotione</span> <span class='ocrx_word' id='word_1_307' title='bbox 388 4228 558 4287; x_wconf 78' lang='lat' dir='ltr'>celebrantes</span> <span class='ocrx_word' id='word_1_308' title='bbox 573 4227 750 4290; x_wconf 80' lang='lat' dir='ltr'>crsrtltcmns,</span> <span class='ocrx_word' id='word_1_309' title='bbox 762 4226 824 4295; x_wconf 78' lang='lat' dir='ltr'>utria</span> <span class='ocrx_word' id='word_1_310' title='bbox 838 4227 895 4281; x_wconf 80' lang='lat' dir='ltr'>lame</span> <span class='ocrx_word' id='word_1_311' title='bbox 908 4226 954 4281; x_wconf 87' lang='lat' dir='ltr'>Dei</span> <span class='ocrx_word' id='word_1_312' title='bbox 969 4238 991 4303; x_wconf 73' lang='lat' dir='ltr'><strong>c</strong></span> <span class='ocrx_word' id='word_1_313' title='bbox 1006 4235 1097 4282; x_wconf 89' lang='lat' dir='ltr'>actum</span> <span class='ocrx_word' id='word_1_314' title='bbox 1108 4235 1150 4281; x_wconf 86' lang='lat' dir='ltr'>est</span> <span class='ocrx_word' id='word_1_315' title='bbox 1164 4234 1193 4279; x_wconf 93' lang='lat' dir='ltr'>nt</span> <span class='ocrx_word' id='word_1_316' title='bbox 1206 4224 1283 4296; x_wconf 80' lang='lat' dir='ltr'>cnjus</span> <span class='ocrx_word' id='word_1_317' title='bbox 1296 4226 1397 4295; x_wconf 72' lang='lat' dir='ltr'>gradus</span> <span class='ocrx_word' id='word_1_318' title='bbox 1420 4224 1508 4281; x_wconf 89' lang='lat' dir='ltr'>iuerat</span> <span class='ocrx_word' id='word_1_319' title='bbox 1530 4226 1619 4294; x_wconf 87' lang='lat' dir='ltr'>altior,</span> <span class='ocrx_word' id='word_1_320' title='bbox 1641 4228 1699 4297; x_wconf 70' lang='lat' dir='ltr'>titas</span> <span class='ocrx_word' id='word_1_321' title='bbox 1710 4246 1790 4289; x_wconf 85' lang='lat' dir='ltr'>casus</span> 
     </span>
    </p>

    <p class='ocr_par' dir='ltr' id='par_1_17' title="bbox 189 4316 1791 4391">
     <span class='ocr_line' id='line_1_37' title="bbox 189 4316 1791 4391; baseline 0.004 -20"><span class='ocrx_word' id='word_1_322' title='bbox 189 4328 212 4373; x_wconf 88' lang='grc' dir='ltr'>ιι</span> <span class='ocrx_word' id='word_1_323' title='bbox 224 4320 316 4375; x_wconf 78' lang='lat' dir='ltr'>Domini</span> <span class='ocrx_word' id='word_1_324' title='bbox 329 4321 414 4376; x_wconf 78' lang='lat' dir='ltr'>nostri</span> <span class='ocrx_word' id='word_1_325' title='bbox 430 4319 559 4375; x_wconf 86' lang='lat' dir='ltr'>nativitas</span> <span class='ocrx_word' id='word_1_326' title='bbox 572 4317 708 4387; x_wconf 88' lang='lat' dir='ltr'>perditum</span> <span class='ocrx_word' id='word_1_327' title='bbox 724 4319 787 4371; x_wconf 81' lang='lat' dir='ltr'>ritae</span> <span class='ocrx_word' id='word_1_328' title='bbox 802 4317 952 4371; x_wconf 87' lang='lat' dir='ltr'>remedium</span> <span class='ocrx_word' id='word_1_329' title='bbox 1004 4318 1083 4372; x_wconf 86' lang='lat' dir='ltr'>beret</span> <span class='ocrx_word' id='word_1_330' title='bbox 1097 4318 1221 4389; x_wconf 63' lang='lat' dir='ltr'>prasion</span> <span class='ocrx_word' id='word_1_331' title='bbox 1235 4324 1264 4371; x_wconf 92' lang='lat' dir='ltr'>et</span> <span class='ocrx_word' id='word_1_332' title='bbox 1280 4316 1338 4385; x_wconf 77' lang='lat' dir='ltr'>qui,</span> <span class='ocrx_word' id='word_1_333' title='bbox 1358 4316 1431 4371; x_wconf 77' lang='lat' dir='ltr'>utillo</span> <span class='ocrx_word' id='word_1_334' title='bbox 1444 4316 1510 4384; x_wconf 87' lang='lat' dir='ltr'>aliu,</span> <span class='ocrx_word' id='word_1_335' title='bbox 1525 4319 1578 4373; x_wconf 92' lang='lat' dir='ltr'>nisi</span> <span class='ocrx_word' id='word_1_336' title='bbox 1601 4320 1700 4391; x_wconf 88' lang='lat' dir='ltr'>seipso,</span> <span class='ocrx_word' id='word_1_337' title='bbox 1725 4338 1791 4379; x_wconf 85' lang='lat' dir='ltr'>sua·</span> 
     </span>
    </p>

    <p class='ocr_par' dir='ltr' id='par_1_18' title="bbox 191 4403 1790 4481">
     <span class='ocr_line' id='line_1_38' title="bbox 191 4403 1790 4481; baseline 0.003 -18"><span class='ocrx_word' id='word_1_338' title='bbox 191 4408 326 4467; x_wconf 83' lang='lat' dir='ltr'>bominibus</span> <span class='ocrx_word' id='word_1_339' title='bbox 346 4410 479 4475; x_wconf 68' lang='lat' dir='ltr'>-eddidie</span> <span class='ocrx_word' id='word_1_340' title='bbox 497 4423 596 4464; x_wconf 84' lang='lat' dir='ltr'>norunt</span> <span class='ocrx_word' id='word_1_341' title='bbox 618 4406 710 4461; x_wconf 89' lang='lat' dir='ltr'>intulit</span> <span class='ocrx_word' id='word_1_342' title='bbox 723 4403 793 4461; x_wconf 71' lang='lat' dir='ltr'>caelo</span> <span class='ocrx_word' id='word_1_343' title='bbox 814 4404 951 4475; x_wconf 75' lang='lat' dir='ltr'>gaudium.</span> <span class='ocrx_word' id='word_1_344' title='bbox 1004 4410 1085 4464; x_wconf 90' lang='lat' dir='ltr'>dente</span> <span class='ocrx_word' id='word_1_345' title='bbox 1097 4408 1139 4464; x_wconf 85' lang='lat' dir='ltr'>rel</span> <span class='ocrx_word' id='word_1_346' title='bbox 1152 4407 1312 4477; x_wconf 86' lang='lat' dir='ltr'>decipiente,</span> <span class='ocrx_word' id='word_1_347' title='bbox 1338 4424 1389 4464; x_wconf 89' lang='lat' dir='ltr'>nec</span> <span class='ocrx_word' id='word_1_348' title='bbox 1411 4422 1522 4464; x_wconf 84' lang='lat' dir='ltr'>carnum</span> <span class='ocrx_word' id='word_1_349' title='bbox 1545 4410 1673 4481; x_wconf 83' lang='lat' dir='ltr'>portabat</span> <span class='ocrx_word' id='word_1_350' title='bbox 1692 4412 1790 4468; x_wconf 87' lang='lat' dir='ltr'>burna·</span> 
     </span>
    </p>

    <p class='ocr_par' dir='ltr' id='par_1_19' title="bbox 188 4498 1790 4575">
     <span class='ocr_line' id='line_1_39' title="bbox 188 4498 1790 4575; baseline 0.004 -20"><span class='ocrx_word' id='word_1_351' title='bbox 188 4498 562 4573; x_wconf 79' lang='lat' dir='ltr'>licparatiogenerislmmani</span> <span class='ocrx_word' id='word_1_352' title='bbox 591 4498 661 4553; x_wconf 84' lang='lat' dir='ltr'>iacta</span> <span class='ocrx_word' id='word_1_353' title='bbox 686 4507 728 4553; x_wconf 91' lang='lat' dir='ltr'>est</span> <span class='ocrx_word' id='word_1_354' title='bbox 748 4510 821 4552; x_wconf 87' lang='lat' dir='ltr'>mors</span> <span class='ocrx_word' id='word_1_355' title='bbox 835 4498 951 4568; x_wconf 90' lang='lat' dir='ltr'>peccati,</span> <span class='ocrx_word' id='word_1_356' title='bbox 1004 4498 1790 4575; x_wconf 76' lang='lat' dir='ltr'>namueqnnlorsitan,iicetinjuste,&#39;materiampeccaa·</span> 
     </span>
    </p>

    <p class='ocr_par' dir='ltr' id='par_1_20' title="bbox 171 4587 1860 5892">
     <span class='ocr_line' id='line_1_40' title="bbox 186 4587 1789 4666; baseline 0.002 -20"><span class='ocrx_word' id='word_1_357' title='bbox 186 4593 272 4649; x_wconf 84' lang='lat' dir='ltr'>diaboli</span> <span class='ocrx_word' id='word_1_358' title='bbox 284 4593 415 4659; x_wconf 89' lang='lat' dir='ltr'>conlusio,</span> <span class='ocrx_word' id='word_1_359' title='bbox 438 4590 596 4664; x_wconf 82' lang='lat' dir='ltr'>exspoliatio</span> <span class='ocrx_word' id='word_1_360' title='bbox 616 4588 723 4646; x_wconf 80' lang='lat' dir='ltr'>inferni.</span> <span class='ocrx_word' id='word_1_361' title='bbox 742 4587 815 4654; x_wconf 80' lang='lat' dir='ltr'>llaec,</span> <span class='ocrx_word' id='word_1_362' title='bbox 834 4588 953 4657; x_wconf 80' lang='lat' dir='ltr'>inquam,</span> <span class='ocrx_word' id='word_1_363' title='bbox 1004 4588 1032 4644; x_wconf 88' lang='lat' dir='ltr'>di</span> <span class='ocrx_word' id='word_1_364' title='bbox 1044 4598 1134 4659; x_wconf 87' lang='lat' dir='ltr'>posset</span> <span class='ocrx_word' id='word_1_365' title='bbox 1146 4590 1316 4656; x_wconf 89' lang='lat' dir='ltr'>contrabere,</span> <span class='ocrx_word' id='word_1_366' title='bbox 1331 4590 1389 4655; x_wconf 85' lang='lat' dir='ltr'>sed,</span> <span class='ocrx_word' id='word_1_367' title='bbox 1416 4590 1473 4647; x_wconf 88' lang='lat' dir='ltr'>sola</span> <span class='ocrx_word' id='word_1_368' title='bbox 1488 4591 1632 4661; x_wconf 84' lang='lat' dir='ltr'>iniquitate</span> <span class='ocrx_word' id='word_1_369' title='bbox 1645 4594 1789 4666; x_wconf 78' lang='lat' dir='ltr'>superbiae,</span> 
     </span>
     <span class='ocr_line' id='line_1_41' title="bbox 185 4680 1788 4755; baseline 0.003 -18"><span class='ocrx_word' id='word_1_370' title='bbox 185 4683 324 4750; x_wconf 74' lang='lat' dir='ltr'>ineffabilis,</span> <span class='ocrx_word' id='word_1_371' title='bbox 339 4686 422 4741; x_wconf 79' lang='lat' dir='ltr'>cinara</span> <span class='ocrx_word' id='word_1_372' title='bbox 435 4682 545 4753; x_wconf 79' lang='lat' dir='ltr'>angelis,</span> <span class='ocrx_word' id='word_1_373' title='bbox 568 4680 720 4737; x_wconf 87' lang='lat' dir='ltr'>bominibus</span> <span class='ocrx_word' id='word_1_374' title='bbox 736 4680 889 4737; x_wconf 85' lang='lat' dir='ltr'>necessaria</span> <span class='ocrx_word' id='word_1_375' title='bbox 905 4680 952 4736; x_wconf 92' lang='lat' dir='ltr'>Dei</span> <span class='ocrx_word' id='word_1_376' title='bbox 1010 4697 1066 4737; x_wconf 78' lang='lat' dir='ltr'>suar</span> <span class='ocrx_word' id='word_1_377' title='bbox 1079 4682 1238 4753; x_wconf 80' lang='lat' dir='ltr'>perditionis</span> <span class='ocrx_word' id='word_1_378' title='bbox 1252 4680 1340 4737; x_wconf 88' lang='lat' dir='ltr'>laetor</span> <span class='ocrx_word' id='word_1_379' title='bbox 1357 4680 1409 4736; x_wconf 86' lang='lat' dir='ltr'>luit</span> <span class='ocrx_word' id='word_1_380' title='bbox 1430 4690 1459 4737; x_wconf 90' lang='lat' dir='ltr'>et</span> <span class='ocrx_word' id='word_1_381' title='bbox 1477 4682 1590 4740; x_wconf 87' lang='lat' dir='ltr'>alterius</span> <span class='ocrx_word' id='word_1_382' title='bbox 1610 4683 1705 4755; x_wconf 74' lang='lat' dir='ltr'>culpe,</span> <span class='ocrx_word' id='word_1_383' title='bbox 1724 4687 1788 4745; x_wconf 90' lang='lat' dir='ltr'>dum</span> 
     </span>
     <span class='ocr_line' id='line_1_42' title="bbox 182 4772 1788 4856; baseline 0.002 -25"><span class='ocrx_word' id='word_1_384' title='bbox 182 4780 298 4835; x_wconf 83' lang='lat' dir='ltr'>natiuitas</span> <span class='ocrx_word' id='word_1_385' title='bbox 324 4777 481 4839; x_wconf 86' lang='lat' dir='ltr'>hominem,</span> <span class='ocrx_word' id='word_1_386' title='bbox 515 4775 631 4845; x_wconf 89' lang='lat' dir='ltr'>primum</span> <span class='ocrx_word' id='word_1_387' title='bbox 655 4787 763 4829; x_wconf 83' lang='lat' dir='ltr'>sertatm</span> <span class='ocrx_word' id='word_1_388' title='bbox 783 4772 881 4829; x_wconf 85' lang='lat' dir='ltr'>diaboli</span> <span class='ocrx_word' id='word_1_389' title='bbox 908 4788 955 4843; x_wconf 86' lang='lat' dir='ltr'>pur</span> <span class='ocrx_word' id='word_1_390' title='bbox 1006 4774 1034 4828; x_wconf 91' lang='lat' dir='ltr'>in</span> <span class='ocrx_word' id='word_1_391' title='bbox 1049 4774 1233 4845; x_wconf 87' lang='lat' dir='ltr'>illosnperbia</span> <span class='ocrx_word' id='word_1_392' title='bbox 1247 4774 1316 4843; x_wconf 88' lang='lat' dir='ltr'>cepit</span> <span class='ocrx_word' id='word_1_393' title='bbox 1328 4774 1444 4835; x_wconf 83' lang='lat' dir='ltr'>irrititnn,</span> <span class='ocrx_word' id='word_1_394' title='bbox 1457 4772 1517 4856; x_wconf 78' lang='lat' dir='ltr'>rjus</span> <span class='ocrx_word' id='word_1_395' title='bbox 1530 4786 1638 4832; x_wconf 87' lang='lat' dir='ltr'>careret</span> <span class='ocrx_word' id='word_1_396' title='bbox 1652 4776 1706 4833; x_wconf 86' lang='lat' dir='ltr'>tine</span> <span class='ocrx_word' id='word_1_397' title='bbox 1722 4794 1788 4850; x_wconf 87' lang='lat' dir='ltr'>sup·</span> 
     </span>
     <span class='ocr_line' id='line_1_43' title="bbox 183 4864 1860 4941; baseline 0.005 -18"><span class='ocrx_word' id='word_1_398' title='bbox 183 4868 358 4927; x_wconf 80' lang='lat' dir='ltr'>inobedientiae</span> <span class='ocrx_word' id='word_1_399' title='bbox 383 4877 539 4941; x_wconf 86' lang='lat' dir='ltr'>peecatum,</span> <span class='ocrx_word' id='word_1_400' title='bbox 575 4865 688 4921; x_wconf 86' lang='lat' dir='ltr'>liberum</span> <span class='ocrx_word' id='word_1_401' title='bbox 716 4864 795 4930; x_wconf 87' lang='lat' dir='ltr'>iecit;</span> <span class='ocrx_word' id='word_1_402' title='bbox 823 4878 952 4935; x_wconf 82' lang='lat' dir='ltr'>eumqtre.</span> <span class='ocrx_word' id='word_1_403' title='bbox 1006 4868 1129 4937; x_wconf 87' lang='lat' dir='ltr'>plicium,</span> <span class='ocrx_word' id='word_1_404' title='bbox 1141 4882 1192 4923; x_wconf 87' lang='lat' dir='ltr'>neo</span> <span class='ocrx_word' id='word_1_405' title='bbox 1206 4866 1258 4920; x_wconf 86' lang='lat' dir='ltr'>nlla</span> <span class='ocrx_word' id='word_1_406' title='bbox 1271 4866 1397 4937; x_wconf 88' lang='lat' dir='ltr'>deinceps</span> <span class='ocrx_word' id='word_1_407' title='bbox 1413 4866 1517 4925; x_wconf 87' lang='lat' dir='ltr'>ratione</span> <span class='ocrx_word' id='word_1_408' title='bbox 1530 4870 1556 4924; x_wconf 92' lang='lat' dir='ltr'>ei</span> <span class='ocrx_word' id='word_1_409' title='bbox 1573 4868 1667 4930; x_wconf 86' lang='lat' dir='ltr'>liceret</span> <span class='ocrx_word' id='word_1_410' title='bbox 1687 4874 1790 4932; x_wconf 84' lang='lat' dir='ltr'>lrabero</span> <span class='ocrx_word' id='word_1_411' title='bbox 1852 4908 1860 4921; x_wconf 86' lang='lat'><em>.</em></span> 
     </span>
     <span class='ocr_line' id='line_1_44' title="bbox 181 4957 1790 5031; baseline 0.004 -16"><span class='ocrx_word' id='word_1_412' title='bbox 181 4964 245 5019; x_wconf 85' lang='lat' dir='ltr'>unde</span> <span class='ocrx_word' id='word_1_413' title='bbox 256 4964 399 5031; x_wconf 86' lang='lat' dir='ltr'>ceciderat,</span> <span class='ocrx_word' id='word_1_414' title='bbox 413 4960 519 5015; x_wconf 84' lang='lat' dir='ltr'>reduxit</span> <span class='ocrx_word' id='word_1_415' title='bbox 541 4959 575 5014; x_wconf 89' lang='lat' dir='ltr'>ad</span> <span class='ocrx_word' id='word_1_416' title='bbox 596 4960 763 5029; x_wconf 81' lang='lat' dir='ltr'>paradisum,</span> <span class='ocrx_word' id='word_1_417' title='bbox 782 4972 835 5013; x_wconf 94' lang='lat' dir='ltr'>non</span> <span class='ocrx_word' id='word_1_418' title='bbox 863 4958 953 5013; x_wconf 86' lang='lat' dir='ltr'>minus</span> <span class='ocrx_word' id='word_1_419' title='bbox 1004 4973 1081 5030; x_wconf 88' lang='lat' dir='ltr'>sporn</span> <span class='ocrx_word' id='word_1_420' title='bbox 1093 4957 1191 5026; x_wconf 74' lang='lat' dir='ltr'>nenia,</span> <span class='ocrx_word' id='word_1_421' title='bbox 1210 4958 1257 5027; x_wconf 80' lang='lat' dir='ltr'>orti</span> <span class='ocrx_word' id='word_1_422' title='bbox 1272 4957 1397 5013; x_wconf 79' lang='lat' dir='ltr'>intentor</span> <span class='ocrx_word' id='word_1_423' title='bbox 1420 4960 1526 5017; x_wconf 76' lang='lat' dir='ltr'>exstitit</span> <span class='ocrx_word' id='word_1_424' title='bbox 1541 4971 1569 5018; x_wconf 90' lang='lat' dir='ltr'>et</span> <span class='ocrx_word' id='word_1_425' title='bbox 1582 4974 1674 5021; x_wconf 85' lang='lat' dir='ltr'>maaet</span> <span class='ocrx_word' id='word_1_426' title='bbox 1693 4975 1790 5023; x_wconf 85' lang='lat' dir='ltr'>auctor</span> 
     </span>
     <span class='ocr_line' id='line_1_45' title="bbox 179 5047 1787 5129; baseline 0.002 -19"><span class='ocrx_word' id='word_1_427' title='bbox 179 5051 263 5123; x_wconf 75' lang='lat' dir='ltr'>plnnc</span> <span class='ocrx_word' id='word_1_428' title='bbox 277 5048 453 5116; x_wconf 80' lang='lat' dir='ltr'>obtinentem,</span> <span class='ocrx_word' id='word_1_429' title='bbox 473 5066 553 5121; x_wconf 78' lang='lat' dir='ltr'>quara</span> <span class='ocrx_word' id='word_1_430' title='bbox 575 5058 719 5120; x_wconf 82' lang='lat' dir='ltr'>antequam</span> <span class='ocrx_word' id='word_1_431' title='bbox 740 5056 889 5121; x_wconf 84' lang='lat' dir='ltr'>peccasset,</span> <span class='ocrx_word' id='word_1_432' title='bbox 905 5047 960 5103; x_wconf 85' lang='lat' dir='ltr'>lta·¹</span> <span class='ocrx_word' id='word_1_433' title='bbox 1005 5060 1088 5106; x_wconf 83' lang='lat' dir='ltr'>tantae</span> <span class='ocrx_word' id='word_1_434' title='bbox 1114 5051 1251 5117; x_wconf 67' lang='lat' dir='ltr'>multia.</span> <span class='ocrx_word' id='word_1_435' title='bbox 1287 5048 1374 5106; x_wconf 86' lang='lat' dir='ltr'>ilomu</span> <span class='ocrx_word' id='word_1_436' title='bbox 1396 5061 1461 5107; x_wconf 83' lang='lat' dir='ltr'>tero</span> <span class='ocrx_word' id='word_1_437' title='bbox 1491 5052 1697 5123; x_wconf 77' lang='lat' dir='ltr'>inexcusabilis,</span> <span class='ocrx_word' id='word_1_438' title='bbox 1713 5058 1787 5129; x_wconf 80' lang='lat' dir='ltr'>.an</span> 
     </span>
     <span class='ocr_line' id='line_1_46' title="bbox 178 5136 1788 5220; baseline 0.003 -20"><span class='ocrx_word' id='word_1_439' title='bbox 178 5140 274 5201; x_wconf 86' lang='lat' dir='ltr'>buerat</span> <span class='ocrx_word' id='word_1_440' title='bbox 293 5148 333 5202; x_wconf 81' lang='lat' dir='ltr'>ud</span> <span class='ocrx_word' id='word_1_441' title='bbox 358 5142 540 5216; x_wconf 74' lang='lat' dir='ltr'>dejiciendum</span> <span class='ocrx_word' id='word_1_442' title='bbox 555 5142 693 5199; x_wconf 90' lang='lat' dir='ltr'>bominem</span> <span class='ocrx_word' id='word_1_443' title='bbox 715 5149 811 5213; x_wconf 85' lang='lat' dir='ltr'>putens</span> <span class='ocrx_word' id='word_1_444' title='bbox 832 5136 882 5195; x_wconf 86' lang='lat' dir='ltr'>luit</span> <span class='ocrx_word' id='word_1_445' title='bbox 895 5138 953 5195; x_wconf 89' lang='lat' dir='ltr'>ino·</span> <span class='ocrx_word' id='word_1_446' title='bbox 1002 5144 1127 5215; x_wconf 84' lang='lat' dir='ltr'>peccarit</span> <span class='ocrx_word' id='word_1_447' title='bbox 1140 5156 1190 5212; x_wconf 91' lang='lat' dir='ltr'>per</span> <span class='ocrx_word' id='word_1_448' title='bbox 1205 5142 1427 5208; x_wconf 81' lang='lat' dir='ltr'>inobedientiam,</span> <span class='ocrx_word' id='word_1_449' title='bbox 1439 5154 1467 5201; x_wconf 90' lang='lat' dir='ltr'>et</span> <span class='ocrx_word' id='word_1_450' title='bbox 1482 5145 1666 5220; x_wconf 73' lang='lat' dir='ltr'>irateriopatns</span> <span class='ocrx_word' id='word_1_451' title='bbox 1682 5148 1788 5220; x_wconf 84' lang='lat' dir='ltr'>culpam</span> 
     </span>
     <span class='ocr_line' id='line_1_47' title="bbox 178 5228 1784 5309; baseline 0.004 -21"><span class='ocrx_word' id='word_1_452' title='bbox 178 5229 415 5309; x_wconf 80' lang='lat' dir='ltr'>bedieutiaeculpa,</span> <span class='ocrx_word' id='word_1_453' title='bbox 430 5234 478 5291; x_wconf 88' lang='lat' dir='ltr'>sed</span> <span class='ocrx_word' id='word_1_454' title='bbox 498 5233 531 5289; x_wconf 85' lang='lat' dir='ltr'>ad</span> <span class='ocrx_word' id='word_1_455' title='bbox 547 5231 620 5287; x_wconf 80' lang='lat' dir='ltr'>illuns</span> <span class='ocrx_word' id='word_1_456' title='bbox 637 5230 793 5303; x_wconf 65' lang='lat' dir='ltr'>erigendum</span> <span class='ocrx_word' id='word_1_457' title='bbox 808 5228 954 5287; x_wconf 81' lang='lat' dir='ltr'>Dominieae</span> <span class='ocrx_word' id='word_1_458' title='bbox 1005 5234 1127 5291; x_wconf 87' lang='lat' dir='ltr'>oonbteri</span> <span class='ocrx_word' id='word_1_459' title='bbox 1143 5232 1256 5300; x_wconf 82' lang='lat' dir='ltr'>distulit,</span> <span class='ocrx_word' id='word_1_460' title='bbox 1285 5234 1462 5306; x_wconf 77' lang='lat' dir='ltr'>deiectionem</span> <span class='ocrx_word' id='word_1_461' title='bbox 1490 5241 1590 5296; x_wconf 86' lang='lat' dir='ltr'>meruit</span> <span class='ocrx_word' id='word_1_462' title='bbox 1612 5249 1648 5305; x_wconf 88' lang='lat' dir='ltr'>et</span> <span class='ocrx_word' id='word_1_463' title='bbox 1664 5240 1784 5295; x_wconf 72' lang='lat' dir='ltr'>ruinam.</span> 
     </span>
     <span class='ocr_line' id='line_1_48' title="bbox 179 5321 1787 5402; baseline 0.006 -25"><span class='ocrx_word' id='word_1_464' title='bbox 179 5326 318 5386; x_wconf 80' lang='lat' dir='ltr'>natiuitatis</span> <span class='ocrx_word' id='word_1_465' title='bbox 332 5327 475 5402; x_wconf 91' lang='lat' dir='ltr'>potentior</span> <span class='ocrx_word' id='word_1_466' title='bbox 498 5324 603 5381; x_wconf 82' lang='lat' dir='ltr'>exstitit</span> <span class='ocrx_word' id='word_1_467' title='bbox 621 5324 718 5395; x_wconf 71' lang='lat' dir='ltr'>gratia.</span> <span class='ocrx_word' id='word_1_468' title='bbox 730 5321 953 5392; x_wconf 82' lang='lat' dir='ltr'>tatuiteqniuem</span> <span class='ocrx_word' id='word_1_469' title='bbox 1004 5325 1040 5383; x_wconf 76' lang='lat' dir='ltr'>Et</span> <span class='ocrx_word' id='word_1_470' title='bbox 1050 5325 1097 5398; x_wconf 82' lang='lat' dir='ltr'>qni</span> <span class='ocrx_word' id='word_1_471' title='bbox 1106 5332 1173 5383; x_wconf 90' lang='lat' dir='ltr'>ante</span> <span class='ocrx_word' id='word_1_472' title='bbox 1181 5326 1210 5382; x_wconf 93' lang='lat' dir='ltr'>in</span> <span class='ocrx_word' id='word_1_473' title='bbox 1222 5326 1347 5397; x_wconf 76' lang='lat' dir='ltr'>paradiso</span> <span class='ocrx_word' id='word_1_474' title='bbox 1356 5327 1442 5383; x_wconf 87' lang='lat' dir='ltr'>solam</span> <span class='ocrx_word' id='word_1_475' title='bbox 1456 5328 1650 5387; x_wconf 86' lang='lat' dir='ltr'>beatitudinem</span> <span class='ocrx_word' id='word_1_476' title='bbox 1662 5338 1787 5398; x_wconf 79' lang='lat' dir='ltr'>nouerat,</span> 
     </span>
     <span class='ocr_line' id='line_1_49' title="bbox 179 5412 1785 5499; baseline 0.004 -27"><span class='ocrx_word' id='word_1_477' title='bbox 179 5414 281 5477; x_wconf 82' lang='lat' dir='ltr'>inlicere</span> <span class='ocrx_word' id='word_1_478' title='bbox 294 5421 397 5492; x_wconf 82' lang='lat' dir='ltr'>antiqui</span> <span class='ocrx_word' id='word_1_479' title='bbox 422 5417 557 5487; x_wconf 86' lang='lat' dir='ltr'>serpentis</span> <span class='ocrx_word' id='word_1_480' title='bbox 570 5428 704 5499; x_wconf 78' lang='lat' dir='ltr'>venenosa</span> <span class='ocrx_word' id='word_1_481' title='bbox 718 5414 828 5481; x_wconf 87' lang='lat' dir='ltr'>astutia,</span> <span class='ocrx_word' id='word_1_482' title='bbox 843 5412 891 5470; x_wconf 87' lang='lat' dir='ltr'>sed</span> <span class='ocrx_word' id='word_1_483' title='bbox 913 5414 952 5468; x_wconf 84' lang='lat' dir='ltr'>itt·</span> <span class='ocrx_word' id='word_1_484' title='bbox 1004 5435 1066 5476; x_wconf 88' lang='lat' dir='ltr'>com</span> <span class='ocrx_word' id='word_1_485' title='bbox 1077 5434 1107 5476; x_wconf 89' lang='lat' dir='ltr'>se</span> <span class='ocrx_word' id='word_1_486' title='bbox 1120 5428 1318 5490; x_wconf 89' lang='lat' dir='ltr'>perpeccaturn</span> <span class='ocrx_word' id='word_1_487' title='bbox 1329 5420 1436 5477; x_wconf 75' lang='lat' dir='ltr'>deuota</span> <span class='ocrx_word' id='word_1_488' title='bbox 1451 5423 1631 5492; x_wconf 77' lang='lat' dir='ltr'>uenciparunr</span> <span class='ocrx_word' id='word_1_489' title='bbox 1651 5433 1785 5493; x_wconf 78' lang='lat' dir='ltr'>cerneret,</span> 
     </span>
     <span class='ocr_line' id='line_1_50' title="bbox 179 5506 1785 5580; baseline -0.002 -13"><span class='ocrx_word' id='word_1_490' title='bbox 179 5506 271 5567; x_wconf 83' lang='lat' dir='ltr'>iectura</span> <span class='ocrx_word' id='word_1_491' title='bbox 284 5514 389 5569; x_wconf 78' lang='lat' dir='ltr'>curarit</span> <span class='ocrx_word' id='word_1_492' title='bbox 410 5511 467 5567; x_wconf 82' lang='lat' dir='ltr'>nati</span> <span class='ocrx_word' id='word_1_493' title='bbox 485 5508 796 5577; x_wconf 73' lang='lat' dir='ltr'>saltatorispt·aep⁰teus</span> <span class='ocrx_word' id='word_1_494' title='bbox 810 5506 951 5561; x_wconf 73' lang='lat' dir='ltr'>medicine·</span> <span class='ocrx_word' id='word_1_495' title='bbox 1004 5518 1033 5565; x_wconf 88' lang='lat' dir='ltr'>ct</span> <span class='ocrx_word' id='word_1_496' title='bbox 1046 5511 1167 5565; x_wconf 80' lang='lat' dir='ltr'>divorsas</span> <span class='ocrx_word' id='word_1_497' title='bbox 1187 5510 1215 5564; x_wconf 92' lang='lat' dir='ltr'>in</span> <span class='ocrx_word' id='word_1_498' title='bbox 1238 5510 1337 5564; x_wconf 87' lang='lat' dir='ltr'>mundo</span> <span class='ocrx_word' id='word_1_499' title='bbox 1361 5512 1532 5580; x_wconf 84' lang='lat' dir='ltr'>experiretur</span> <span class='ocrx_word' id='word_1_500' title='bbox 1551 5510 1687 5575; x_wconf 87' lang='lat' dir='ltr'>miserias,</span> <span class='ocrx_word' id='word_1_501' title='bbox 1703 5509 1785 5572; x_wconf 76' lang='lat' dir='ltr'>uinaria</span> 
     </span>
     <span class='ocr_line' id='line_1_51' title="bbox 175 5586 1786 5673; baseline 0 -18"><span class='ocrx_word' id='word_1_502' title='bbox 175 5598 294 5663; x_wconf 83' lang='lat' dir='ltr'>iuimicus</span> <span class='ocrx_word' id='word_1_503' title='bbox 311 5606 357 5663; x_wconf 88' lang='lat' dir='ltr'>Dei</span> <span class='ocrx_word' id='word_1_504' title='bbox 373 5615 401 5661; x_wconf 85' lang='lat' dir='ltr'>et</span> <span class='ocrx_word' id='word_1_505' title='bbox 414 5603 533 5661; x_wconf 82' lang='lat' dir='ltr'>numinis</span> <span class='ocrx_word' id='word_1_506' title='bbox 556 5601 677 5655; x_wconf 80' lang='lat' dir='ltr'>‹liubolus</span> <span class='ocrx_word' id='word_1_507' title='bbox 700 5602 812 5655; x_wconf 86' lang='lat' dir='ltr'>miseriae</span> <span class='ocrx_word' id='word_1_508' title='bbox 829 5600 953 5657; x_wconf 83' lang='lat' dir='ltr'>inventur</span> <span class='ocrx_word' id='word_1_509' title='bbox 968 5586 992 5643; x_wconf 74' lang='lat' dir='ltr'>D</span> <span class='ocrx_word' id='word_1_510' title='bbox 1005 5600 1166 5656; x_wconf 78' lang='lat' dir='ltr'>infelicitate</span> <span class='ocrx_word' id='word_1_511' title='bbox 1180 5600 1337 5669; x_wconf 84' lang='lat' dir='ltr'>compulsus</span> <span class='ocrx_word' id='word_1_512' title='bbox 1351 5600 1479 5654; x_wconf 80' lang='lat' dir='ltr'>antissam</span> <span class='ocrx_word' id='word_1_513' title='bbox 1492 5597 1648 5655; x_wconf 77' lang='lat' dir='ltr'>felicitatem</span> <span class='ocrx_word' id='word_1_514' title='bbox 1659 5600 1786 5673; x_wconf 75' lang='lat' dir='ltr'>plangere</span> 
     </span>
     <span class='ocr_line' id='line_1_52' title="bbox 172 5691 1786 5766; baseline 0.001 -19"><span class='ocrx_word' id='word_1_515' title='bbox 172 5698 291 5766; x_wconf 79' lang='lat' dir='ltr'>exstitit,</span> <span class='ocrx_word' id='word_1_516' title='bbox 324 5699 371 5755; x_wconf 86' lang='lat' dir='ltr'>scd</span> <span class='ocrx_word' id='word_1_517' title='bbox 399 5700 472 5752; x_wconf 90' lang='lat' dir='ltr'>Dens</span> <span class='ocrx_word' id='word_1_518' title='bbox 501 5695 587 5749; x_wconf 86' lang='lat' dir='ltr'>laetor</span> <span class='ocrx_word' id='word_1_519' title='bbox 614 5691 812 5748; x_wconf 79' lang='lat' dir='ltr'>misericordias.</span> <span class='ocrx_word' id='word_1_520' title='bbox 841 5691 886 5749; x_wconf 90' lang='lat' dir='ltr'>lile</span> <span class='ocrx_word' id='word_1_521' title='bbox 903 5708 950 5749; x_wconf 85' lang='lat' dir='ltr'>sua</span> <span class='ocrx_word' id='word_1_522' title='bbox 1005 5691 1294 5766; x_wconf 84' lang='lat' dir='ltr'>empltconnersusad</span> <span class='ocrx_word' id='word_1_523' title='bbox 1309 5692 1453 5763; x_wconf 76' lang='lat' dir='ltr'>lacrymas.</span> <span class='ocrx_word' id='word_1_524' title='bbox 1468 5691 1599 5749; x_wconf 84' lang='lat' dir='ltr'>Gemebai</span> <span class='ocrx_word' id='word_1_525' title='bbox 1616 5691 1702 5757; x_wconf 79' lang='lat' dir='ltr'>¹bomo</span> <span class='ocrx_word' id='word_1_526' title='bbox 1723 5707 1786 5748; x_wconf 84' lang='lat' dir='ltr'>reus</span> 
     </span>
     <span class='ocr_line' id='line_1_53' title="bbox 171 5780 1787 5892; baseline -0.001 -52"><span class='ocrx_word' id='word_1_527' title='bbox 171 5780 262 5845; x_wconf 79' lang='lat' dir='ltr'>indie</span> <span class='ocrx_word' id='word_1_528' title='bbox 290 5791 429 5847; x_wconf 82' lang='lat' dir='ltr'>ltotnincrn</span> <span class='ocrx_word' id='word_1_529' title='bbox 454 5786 581 5843; x_wconf 89' lang='lat' dir='ltr'>miserum</span> <span class='ocrx_word' id='word_1_530' title='bbox 609 5780 723 5837; x_wconf 88' lang='lat' dir='ltr'>reddidit</span> <span class='ocrx_word' id='word_1_531' title='bbox 737 5798 745 5849; x_wconf 88' lang='lat'>;</span> <span class='ocrx_word' id='word_1_532' title='bbox 759 5784 828 5839; x_wconf 89' lang='lat' dir='ltr'>Deus</span> <span class='ocrx_word' id='word_1_533' title='bbox 843 5799 952 5855; x_wconf 77' lang='lat' dir='ltr'>rumpa-</span> <span class='ocrx_word' id='word_1_534' title='bbox 1006 5788 1055 5843; x_wconf 87' lang='lat' dir='ltr'>snb</span> <span class='ocrx_word' id='word_1_535' title='bbox 1070 5802 1153 5843; x_wconf 85' lang='lat' dir='ltr'>uttere</span> <span class='ocrx_word' id='word_1_536' title='bbox 1168 5794 1272 5892; x_wconf 57' lang='lat' dir='ltr'>rpentes,</span> <span class='ocrx_word' id='word_1_537' title='bbox 1285 5799 1334 5853; x_wconf 79' lang='lat' dir='ltr'>nce</span> <span class='ocrx_word' id='word_1_538' title='bbox 1349 5784 1405 5839; x_wconf 87' lang='lat' dir='ltr'>suis</span> <span class='ocrx_word' id='word_1_539' title='bbox 1424 5781 1551 5855; x_wconf 75' lang='lat' dir='ltr'>lacrymis</span> <span class='ocrx_word' id='word_1_540' title='bbox 1565 5791 1702 5855; x_wconf 85' lang='lat' dir='ltr'>apeccato</span> <span class='ocrx_word' id='word_1_541' title='bbox 1716 5783 1787 5841; x_wconf 81' lang='lat' dir='ltr'>nale·</span> 
     </span>
    </p>
   </div>
   <div class='ocr_carea' id='block_1_8' title="bbox 0 0 2014 6341">
    <p class='ocr_par' dir='ltr' id='par_1_21' title="bbox 0 0 2014 6341">
     <span class='ocr_line' id='line_1_54' title="bbox 0 0 2014 6341; baseline 0 0"><span class='ocrx_word' id='word_1_542' title='bbox 0 0 2014 6341; x_wconf 95' lang='lat' dir='ltr'> </span> 
     </span>
    </p>
   </div>
  </div>
 </body>
</html>
